<?xml version="1.0" ?><OAI-PMH xmlns="http://www.openarchives.org/OAI/2.0/" xmlns:xsi="http://www.w3.org/2001/XMLSchema-instance" xsi:schemaLocation="http://www.openarchives.org/OAI/2.0/ http://www.openarchives.org/OAI/2.0/OAI-PMH.xsd">
  <responseDate>2024-11-20T18:26:42Z</responseDate>
  <request resumptionToken="1900-01-01@all@UNIGE_ALL@marc21@5986588360005502" verb="ListRecords">https://slsp-unige.alma.exlibrisgroup.com/view/oai/41SLSP_UGE/request</request>
<ListRecords><record><header><identifier>oai:alma.41SLSP_UGE:991000815309705502</identifier><datestamp>2023-03-01T01:10:27Z</datestamp><setSpec>uge_bcen_RapidILL_BOOK</setSpec><setSpec>uge_aaca_RapidILL_BOOK</setSpec><setSpec>uge_abels_RapidILL_BOOK</setSpec><setSpec>uge_dbu_RapidILL_BOOK</setSpec><setSpec>uge_cmu_RapidILL_BOOK</setSpec><setSpec>uge_mail_RapidILL_BOOK</setSpec><setSpec>UNIGE_ALL</setSpec><setSpec>uge_abbat_RapidILL_BOOK</setSpec><setSpec>uge_aobs_RapidILL_BOOK</setSpec><setSpec>uge_acar_RapidILL_BOOK</setSpec></header><metadata>
<record xmlns="http://www.loc.gov/MARC21/slim" xmlns:xsi="http://www.w3.org/2001/XMLSchema-instance" xsi:schemaLocation="http://www.loc.gov/MARC21/slim http://www.loc.gov/standards/marcxml/schema/MARC21slim.xsd"><leader>01234nam a2200313 c 4500</leader><controlfield tag="001">991000815309705502</controlfield><controlfield tag="005">20210206210317.0</controlfield><controlfield tag="008">201011s2010    fr ||||| |||| 00| ||fre d</controlfield><datafield ind1=" " ind2=" " tag="020"><subfield code="a">9782081244740</subfield><subfield code="c">4.3 €</subfield></datafield><datafield ind1=" " ind2=" " tag="035"><subfield code="a">(swissbib)220914877-41slsp_network</subfield></datafield><datafield ind1=" " ind2=" " tag="035"><subfield code="a">220914877</subfield><subfield code="9">ExL</subfield></datafield><datafield ind1=" " ind2=" " tag="035"><subfield code="a">(RERO)R005898757-41slsp</subfield></datafield><datafield ind1=" " ind2=" " tag="035"><subfield code="a">(NEBIS)009567495EBI01</subfield></datafield><datafield ind1=" " ind2=" " tag="035"><subfield code="a">(EXLNZ-41SLSP_NETWORK)991095411829705501</subfield></datafield><datafield ind1=" " ind2=" " tag="040"><subfield code="a">RERO geulfr</subfield><subfield code="d">CH-ZuSLS</subfield></datafield><datafield ind1=" " ind2="7" tag="072"><subfield code="a">fr</subfield><subfield code="2">rero</subfield></datafield><datafield ind1="1" ind2=" " tag="100"><subfield code="6">880-01</subfield><subfield code="a">Balzac, Honoré de</subfield><subfield code="d">1799-1850</subfield><subfield code="0">(IDREF)02670305X</subfield><subfield code="4">aut</subfield></datafield><datafield ind1="1" ind2=" " tag="880"><subfield code="a">Balzac, Honoré &lt;&lt;de&gt;&gt;</subfield><subfield code="d">1799-1850</subfield><subfield code="0">(DE-588)118506358</subfield><subfield code="6">100-01</subfield></datafield><datafield ind1="1" ind2="0" tag="245"><subfield code="a">&lt;&lt;Le&gt;&gt; lys dans la vallée</subfield><subfield code="c">Honoré de Balzac ; présentation, notes et chronologie par Nicole Mozet ; bibliographie mise à jour (2010) par Hella Straubel</subfield></datafield><datafield ind1=" " ind2="1" tag="264"><subfield code="a">Paris</subfield><subfield code="b">GF Flammarion</subfield><subfield code="c">2010</subfield></datafield><datafield ind1=" " ind2=" " tag="300"><subfield code="a">360 pages</subfield></datafield><datafield ind1=" " ind2=" " tag="336"><subfield code="b">txt</subfield><subfield code="2">rdacontent</subfield></datafield><datafield ind1=" " ind2=" " tag="337"><subfield code="b">n</subfield><subfield code="2">rdamedia</subfield></datafield><datafield ind1=" " ind2=" " tag="338"><subfield code="b">nc</subfield><subfield code="2">rdacarrier</subfield></datafield><datafield ind1="1" ind2=" " tag="490"><subfield code="a">GF Texte intégral</subfield><subfield code="v">1451</subfield></datafield><datafield ind1=" " ind2=" " tag="500"><subfield code="a">Contient l'interview &quot;Catherine Millet, pourqoui aimez-vous le Lys dans la vallée?&quot;</subfield></datafield><datafield ind1="1" ind2=" " tag="700"><subfield code="a">Mozet, Nicole</subfield><subfield code="d">19..-....</subfield><subfield code="0">(IDREF)027041735</subfield><subfield code="4">aui</subfield></datafield><datafield ind1="1" ind2=" " tag="700"><subfield code="a">Straubel, Hella</subfield><subfield code="0">(IDREF)147315018</subfield><subfield code="4">aui</subfield></datafield><datafield ind1=" " ind2="0" tag="830"><subfield code="a">GF Texte intégral</subfield><subfield code="v">1451</subfield><subfield code="w">(RERO)0288889-41slsp</subfield></datafield><datafield ind1=" " ind2=" " tag="900"><subfield code="a">REROnoselfmerge</subfield></datafield></record>
</metadata></record>