<record><header><identifier>oai:alma.41SLSP_UGE:991000814999705502</identifier><datestamp>2024-03-09T01:27:41Z</datestamp><setSpec>uge_bcen_RapidILL_BOOK</setSpec><setSpec>uge_aaca_RapidILL_BOOK</setSpec><setSpec>uge_abels_RapidILL_BOOK</setSpec><setSpec>uge_dbu_RapidILL_BOOK</setSpec><setSpec>uge_cmu_RapidILL_BOOK</setSpec><setSpec>uge_mail_RapidILL_BOOK</setSpec><setSpec>uge_abbat_RapidILL_BOOK</setSpec><setSpec>UNIGE_ALL</setSpec><setSpec>uge_acar_RapidILL_BOOK</setSpec><setSpec>uge_aobs_RapidILL_BOOK</setSpec></header><metadata>
<record xmlns="http://www.loc.gov/MARC21/slim" xmlns:xsi="http://www.w3.org/2001/XMLSchema-instance" xsi:schemaLocation="http://www.loc.gov/MARC21/slim http://www.loc.gov/standards/marcxml/schema/MARC21slim.xsd"><leader>02313nam a2200565uc 4500</leader><controlfield tag="001">991000814999705502</controlfield><controlfield tag="005">20240308035858.0</controlfield><controlfield tag="008">201011s1989    gw     |      00| ||ger|d</controlfield><datafield ind1=" " ind2=" " tag="020"><subfield code="a">3618600100</subfield><subfield code="q">Ln. Einzelbezug</subfield></datafield><datafield ind1=" " ind2=" " tag="020"><subfield code="a">3618600151</subfield><subfield code="q">Ld. Einzelbezug</subfield></datafield><datafield ind1=" " ind2=" " tag="035"><subfield code="a">(swissbib)216420555-41slsp_network</subfield></datafield><datafield ind1=" " ind2=" " tag="035"><subfield code="a">216420555</subfield><subfield code="9">ExL</subfield></datafield><datafield ind1=" " ind2=" " tag="035"><subfield code="a">(NEBIS)001010123EBI01</subfield></datafield><datafield ind1=" " ind2=" " tag="035"><subfield code="a">(RERO)1100561-41slsp</subfield></datafield><datafield ind1=" " ind2=" " tag="035"><subfield code="a">(IDSSG)000025527HSB01</subfield></datafield><datafield ind1=" " ind2=" " tag="035"><subfield code="a">(ABN)000017682ABN01</subfield></datafield><datafield ind1=" " ind2=" " tag="035"><subfield code="a">(EXLNZ-41SLSP_NETWORK)991142664949705501</subfield></datafield><datafield ind1=" " ind2=" " tag="040"><subfield code="a">ZBZ</subfield><subfield code="b">ger</subfield><subfield code="e">ETHICS-ISBD</subfield><subfield code="d">CH-ZuSLS</subfield></datafield><datafield ind1=" " ind2="7" tag="072"><subfield code="a">al</subfield><subfield code="2">rero</subfield></datafield><datafield ind1="0" ind2="4" tag="082"><subfield code="a">838/.609</subfield><subfield code="2">20</subfield></datafield><datafield ind1="0" ind2="4" tag="082"><subfield code="a">833.6</subfield></datafield><datafield ind1="1" ind2="4" tag="082"><subfield code="a">833.7</subfield><subfield code="2">22</subfield></datafield><datafield ind1="1" ind2="4" tag="082"><subfield code="a">838.709</subfield><subfield code="2">22</subfield></datafield><datafield ind1="1" ind2="4" tag="082"><subfield code="a">838.6</subfield><subfield code="2">21</subfield></datafield><datafield ind1="1" ind2=" " tag="100"><subfield code="a">Arnim, Achim von</subfield><subfield code="d">1781-1831</subfield><subfield code="0">(IDREF)02669137X</subfield><subfield code="4">cre</subfield></datafield><datafield ind1="1" ind2="0" tag="245"><subfield code="a">Hollin's Liebeleben</subfield><subfield code="b">; Gräfin Dolores</subfield><subfield code="c">Achim von Arnim; hrsg. von Paul Michael Lützeler</subfield></datafield><datafield ind1=" " ind2="1" tag="264"><subfield code="a">Frankfurt am Main</subfield><subfield code="b">Deutscher Klassiker Verlag</subfield><subfield code="c">1989</subfield></datafield><datafield ind1=" " ind2=" " tag="300"><subfield code="a">825 S.</subfield><subfield code="b">Ill.</subfield><subfield code="c">19 cm</subfield></datafield><datafield ind1=" " ind2=" " tag="336"><subfield code="b">txt</subfield><subfield code="2">rdacontent</subfield></datafield><datafield ind1=" " ind2=" " tag="337"><subfield code="b">n</subfield><subfield code="2">rdamedia</subfield></datafield><datafield ind1=" " ind2=" " tag="338"><subfield code="b">nc</subfield><subfield code="2">rdacarrier</subfield></datafield><datafield ind1="1" ind2=" " tag="490"><subfield code="a">Werke / Achim von Arnim</subfield><subfield code="v">Band 1</subfield></datafield><datafield ind1="1" ind2=" " tag="490"><subfield code="a">Bibliothek deutscher Klassiker</subfield><subfield code="v">39</subfield></datafield><datafield ind1=" " ind2=" " tag="520"><subfield code="a">Enth.: Hollin's Liebeleben ; Armut, Reichtum, Schuld und Busse der Gräfin Dolores</subfield></datafield><datafield ind1=" " ind2="7" tag="648"><subfield code="a">Geschichte 1500-1830</subfield><subfield code="2">gnd</subfield></datafield><datafield ind1=" " ind2="7" tag="650"><subfield code="a">Ästhetik</subfield><subfield code="0">(DE-588)4000626-8</subfield><subfield code="2">gnd</subfield></datafield><datafield ind1=" " ind2="7" tag="650"><subfield code="a">Kunst</subfield><subfield code="0">(DE-588)4114333-4</subfield><subfield code="2">gnd</subfield></datafield><datafield ind1=" " ind2="7" tag="650"><subfield code="a">Kunstkritik</subfield><subfield code="0">(DE-588)4033659-1</subfield><subfield code="2">gnd</subfield></datafield><datafield ind1=" " ind2="7" tag="651"><subfield code="a">Deutschland</subfield><subfield code="0">(DE-588)4011882-4</subfield><subfield code="2">gnd</subfield></datafield><datafield ind1="1" ind2="2" tag="700"><subfield code="a">Arnim, Achim von</subfield><subfield code="d">1781-1831</subfield><subfield code="t">Gräfin Dolores</subfield></datafield><datafield ind1="1" ind2=" " tag="700"><subfield code="a">Arnim, Achim &lt;&lt;von&gt;&gt;</subfield><subfield code="d">1781-1831</subfield><subfield code="0">(DE-588)118504177</subfield></datafield><datafield ind1="1" ind2="2" tag="700"><subfield code="a">Arnim, Achim &lt;&lt;von&gt;&gt;</subfield><subfield code="d">1781-1831</subfield><subfield code="t">Armut, Reichtum, Schuld und Busse der Gräfin Dolores</subfield></datafield><datafield ind1="1" ind2=" " tag="700"><subfield code="a">Lützeler, Paul Michael</subfield><subfield code="d">1943-</subfield><subfield code="0">(DE-588)122869192</subfield><subfield code="6">880-04</subfield></datafield><datafield ind1="1" ind2=" " tag="880"><subfield code="6">700-04</subfield><subfield code="a">Lützeler, Paul Michael</subfield><subfield code="d">1943-....</subfield><subfield code="0">(IDREF)028452747</subfield></datafield><datafield ind1="0" ind2="2" tag="740"><subfield code="a">Gräfin Dolores</subfield></datafield><datafield ind1="1" ind2=" " tag="800"><subfield code="a">Arnim, Achim &lt;&lt;von&gt;&gt;</subfield><subfield code="d">1781-1831</subfield><subfield code="t">Werke</subfield><subfield code="v">1</subfield><subfield code="w">(NEBIS)001010122EBI01</subfield></datafield><datafield ind1="1" ind2=" " tag="800"><subfield code="a">Arnim, Achim von</subfield><subfield code="d">1781-1831</subfield><subfield code="t">Werke in sechs Bänden</subfield><subfield code="v">1</subfield><subfield code="w">(IDSSG)000025109HSB01</subfield></datafield><datafield ind1=" " ind2=" " tag="830"><subfield code="a">Bibliothek deutscher Klassiker</subfield><subfield code="p">Deutscher Klassiker Verl</subfield><subfield code="v">39</subfield><subfield code="w">(RERO)0678333-41slsp</subfield></datafield><datafield ind1=" " ind2=" " tag="830"><subfield code="a">Bibliothek deutscher Klassiker</subfield><subfield code="v">39</subfield><subfield code="w">(NEBIS)000998015EBI01</subfield></datafield><datafield ind1=" " ind2=" " tag="900"><subfield code="a">IDSZRMedeaZBZ</subfield></datafield><datafield ind1=" " ind2=" " tag="900"><subfield code="a">REROnoselfmerge</subfield></datafield></record>
</metadata></record>