<record><header><identifier>oai:alma.41SLSP_UGE:991000815629705502</identifier><datestamp>2024-08-17T00:15:11Z</datestamp><setSpec>uge_bcen_RapidILL_BOOK</setSpec><setSpec>uge_aaca_RapidILL_BOOK</setSpec><setSpec>uge_abels_RapidILL_BOOK</setSpec><setSpec>uge_dbu_RapidILL_BOOK</setSpec><setSpec>uge_cmu_RapidILL_BOOK</setSpec><setSpec>uge_mail_RapidILL_BOOK</setSpec><setSpec>uge_abbat_RapidILL_BOOK</setSpec><setSpec>UNIGE_ALL</setSpec><setSpec>uge_acar_RapidILL_BOOK</setSpec><setSpec>uge_aobs_RapidILL_BOOK</setSpec></header><metadata>
<record xmlns="http://www.loc.gov/MARC21/slim" xmlns:xsi="http://www.w3.org/2001/XMLSchema-instance" xsi:schemaLocation="http://www.loc.gov/MARC21/slim http://www.loc.gov/standards/marcxml/schema/MARC21slim.xsd"><leader>01115nam a2200337 c 4500</leader><controlfield tag="001">991000815629705502</controlfield><controlfield tag="005">20230407210621.0</controlfield><controlfield tag="008">020211m19911994ja ||||| |||| 00| ||eng d</controlfield><datafield ind1=" " ind2=" " tag="020"><subfield code="a">4789005909</subfield><subfield code="q">Vol.1</subfield></datafield><datafield ind1=" " ind2=" " tag="020"><subfield code="a">4789006468</subfield><subfield code="q">vol.2</subfield></datafield><datafield ind1=" " ind2=" " tag="020"><subfield code="a">4789007014</subfield><subfield code="q">Vol.3</subfield></datafield><datafield ind1=" " ind2=" " tag="020"><subfield code="a">4789007472</subfield><subfield code="q">vol.4</subfield></datafield><datafield ind1=" " ind2=" " tag="035"><subfield code="a">(swissbib)097540986-41slsp_network</subfield></datafield><datafield ind1=" " ind2=" " tag="035"><subfield code="a">097540986</subfield><subfield code="9">ExL</subfield></datafield><datafield ind1=" " ind2=" " tag="035"><subfield code="a">(RERO)R003150020-41slsp</subfield></datafield><datafield ind1=" " ind2=" " tag="035"><subfield code="a">(EXLNZ-41SLSP_NETWORK)991042137679705501</subfield></datafield><datafield ind1=" " ind2=" " tag="040"><subfield code="a">RERO geulja</subfield><subfield code="d">CH-ZuSLS</subfield></datafield><datafield ind1="0" ind2=" " tag="041"><subfield code="a">eng</subfield><subfield code="a">jpn</subfield></datafield><datafield ind1=" " ind2="7" tag="072"><subfield code="a">or</subfield><subfield code="2">rero</subfield></datafield><datafield ind1="1" ind2=" " tag="100"><subfield code="a">Mizutani, Osamu</subfield><subfield code="d">1932-2014</subfield><subfield code="0">(IDREF)061537497</subfield><subfield code="4">cre</subfield></datafield><datafield ind1="1" ind2="0" tag="245"><subfield code="a">Communication Cues</subfield><subfield code="c">by Osamu Mizutani ; transl. by Janet Ashby</subfield></datafield><datafield ind1=" " ind2="1" tag="264"><subfield code="a">Tokyo</subfield><subfield code="b">The Japan Times</subfield><subfield code="c">1991-1994</subfield></datafield><datafield ind1=" " ind2=" " tag="300"><subfield code="a">4 vol.</subfield><subfield code="c">19 cm</subfield></datafield><datafield ind1=" " ind2=" " tag="336"><subfield code="b">txt</subfield><subfield code="2">rdacontent</subfield></datafield><datafield ind1=" " ind2=" " tag="337"><subfield code="b">n</subfield><subfield code="2">rdamedia</subfield></datafield><datafield ind1=" " ind2=" " tag="338"><subfield code="b">nc</subfield><subfield code="2">rdacarrier</subfield></datafield><datafield ind1=" " ind2="7" tag="650"><subfield code="a">Conversation</subfield><subfield code="0">(IDREF)02723097X</subfield><subfield code="2">idref</subfield></datafield><datafield ind1=" " ind2="7" tag="650"><subfield code="a">Japonais (langue)</subfield><subfield code="0">(IDREF)027235750</subfield><subfield code="2">idref</subfield></datafield><datafield ind1=" " ind2="7" tag="650"><subfield code="a">Onomatopées</subfield><subfield code="0">(IDREF)027677567</subfield><subfield code="2">idref</subfield></datafield><datafield ind1=" " ind2="7" tag="655"><subfield code="a">Manuels d'enseignement</subfield><subfield code="0">(IDREF)027446514</subfield><subfield code="2">idref</subfield></datafield><datafield ind1="1" ind2=" " tag="700"><subfield code="a">Mizutani, Nobuko</subfield><subfield code="0">(IDREF)061537624</subfield></datafield><datafield ind1=" " ind2=" " tag="900"><subfield code="a">REROnoselfmerge</subfield></datafield></record>
</metadata></record>