<record><header><identifier>oai:alma.41SLSP_UGE:991000815089705502</identifier><datestamp>2023-07-01T00:21:09Z</datestamp><setSpec>uge_bcen_RapidILL_BOOK</setSpec><setSpec>uge_aaca_RapidILL_BOOK</setSpec><setSpec>uge_abels_RapidILL_BOOK</setSpec><setSpec>uge_dbu_RapidILL_BOOK</setSpec><setSpec>uge_cmu_RapidILL_BOOK</setSpec><setSpec>uge_mail_RapidILL_BOOK</setSpec><setSpec>uge_abbat_RapidILL_BOOK</setSpec><setSpec>UNIGE_ALL</setSpec><setSpec>uge_aobs_RapidILL_BOOK</setSpec><setSpec>uge_acar_RapidILL_BOOK</setSpec></header><metadata>
<record xmlns="http://www.loc.gov/MARC21/slim" xmlns:xsi="http://www.w3.org/2001/XMLSchema-instance" xsi:schemaLocation="http://www.loc.gov/MARC21/slim http://www.loc.gov/standards/marcxml/schema/MARC21slim.xsd"><leader>01617naa a2200349 c 4500</leader><controlfield tag="001">991000815089705502</controlfield><controlfield tag="005">20230630213446.0</controlfield><controlfield tag="008">121219s2012    sz ||||| |||| 00| ||ger d</controlfield><datafield ind1=" " ind2=" " tag="035"><subfield code="a">(swissbib)116810017-41slsp_network</subfield></datafield><datafield ind1=" " ind2=" " tag="035"><subfield code="a">116810017</subfield><subfield code="9">ExL</subfield></datafield><datafield ind1=" " ind2=" " tag="035"><subfield code="a">(RERO)R007208222-41slsp</subfield></datafield><datafield ind1=" " ind2=" " tag="035"><subfield code="a">(EXLNZ-41SLSP_NETWORK)991132138589705501</subfield></datafield><datafield ind1=" " ind2=" " tag="040"><subfield code="a">RERO iftflu</subfield><subfield code="d">CH-ZuSLS</subfield></datafield><datafield ind1=" " ind2=" " tag="044"><subfield code="a">sz</subfield><subfield code="c">ch-be</subfield></datafield><datafield ind1=" " ind2="7" tag="072"><subfield code="a">dr</subfield><subfield code="2">rero</subfield></datafield><datafield ind1=" " ind2=" " tag="084"><subfield code="a">CA/CH 57.2 i</subfield><subfield code="2">cjurrom</subfield></datafield><datafield ind1="1" ind2=" " tag="100"><subfield code="a">Huegli, Eveline</subfield><subfield code="0">(RERO)A022506933</subfield><subfield code="4">cre</subfield></datafield><datafield ind1="1" ind2="0" tag="245"><subfield code="a">Subventionierte Altershilfe nach Art. 101bis AHVG und kantonale Alterspolitiken</subfield><subfield code="c">Eveline Huegli</subfield></datafield><datafield ind1=" " ind2=" " tag="336"><subfield code="b">txt</subfield><subfield code="2">rdacontent</subfield></datafield><datafield ind1=" " ind2=" " tag="337"><subfield code="b">n</subfield><subfield code="2">rdamedia</subfield></datafield><datafield ind1=" " ind2=" " tag="338"><subfield code="b">nc</subfield><subfield code="2">rdacarrier</subfield></datafield><datafield ind1=" " ind2=" " tag="500"><subfield code="a">Franz. Fassung: Subventions pour l'aide à la vieillesse et politiques cantonales de la vieillesse</subfield></datafield><datafield ind1=" " ind2=" " tag="580"><subfield code="a">In: Soziale Sicherheit. - Bern. - 2012, H. 6, S. 377-380</subfield></datafield><datafield ind1=" " ind2="7" tag="650"><subfield code="a">Sozialpolitik</subfield><subfield code="9">ger</subfield><subfield code="0">(RERO)jurivoc000020519ger</subfield><subfield code="2">jurivoc</subfield></datafield><datafield ind1=" " ind2="7" tag="650"><subfield code="a">Betagter</subfield><subfield code="9">ger</subfield><subfield code="0">(RERO)jurivoc000003680ger</subfield><subfield code="2">jurivoc</subfield></datafield><datafield ind1=" " ind2="7" tag="650"><subfield code="a">Finanzierung(allgemein)</subfield><subfield code="9">ger</subfield><subfield code="0">(RERO)jurivoc000008365ger</subfield><subfield code="2">jurivoc</subfield></datafield><datafield ind1=" " ind2="7" tag="650"><subfield code="a">Betriebsbeitrag(allgemein)</subfield><subfield code="9">ger</subfield><subfield code="0">(RERO)jurivoc000003753ger</subfield><subfield code="2">jurivoc</subfield></datafield><datafield ind1=" " ind2="7" tag="650"><subfield code="a">Subvention</subfield><subfield code="9">ger</subfield><subfield code="0">(RERO)jurivoc000022019ger</subfield><subfield code="2">jurivoc</subfield></datafield><datafield ind1=" " ind2="7" tag="650"><subfield code="a">Kanton</subfield><subfield code="9">ger</subfield><subfield code="0">(RERO)jurivoc000012343ger</subfield><subfield code="2">jurivoc</subfield></datafield><datafield ind1=" " ind2="7" tag="650"><subfield code="a">Eidgenossenschaft</subfield><subfield code="9">ger</subfield><subfield code="0">(RERO)jurivoc000006202ger</subfield><subfield code="2">jurivoc</subfield></datafield><datafield ind1=" " ind2="7" tag="650"><subfield code="a">Aufgabenteilung</subfield><subfield code="9">ger</subfield><subfield code="0">(RERO)jurivoc000001998ger</subfield><subfield code="2">jurivoc</subfield></datafield><datafield ind1=" " ind2="7" tag="651"><subfield code="a">Schweiz</subfield><subfield code="9">ger</subfield><subfield code="0">(RERO)jurivoc000019912ger</subfield><subfield code="2">jurivoc</subfield></datafield><datafield ind1="0" ind2=" " tag="773"><subfield code="t">Soziale Sicherheit : Zeitschrift des Bundesamtes für Sozialversicherung</subfield><subfield code="g">2012/377</subfield><subfield code="g">yr:2012</subfield><subfield code="w">(RERO)1615555-41slsp</subfield></datafield></record>
</metadata></record>