<record><header><identifier>oai:alma.41SLSP_UGE:991000096479705502</identifier><datestamp>2023-03-01T01:10:27Z</datestamp><setSpec>uge_bcen_RapidILL_BOOK</setSpec><setSpec>uge_aaca_RapidILL_BOOK</setSpec><setSpec>uge_abels_RapidILL_BOOK</setSpec><setSpec>uge_dbu_RapidILL_BOOK</setSpec><setSpec>uge_cmu_RapidILL_BOOK</setSpec><setSpec>uge_mail_RapidILL_BOOK</setSpec><setSpec>UNIGE_ALL</setSpec><setSpec>uge_abbat_RapidILL_BOOK</setSpec><setSpec>uge_aobs_RapidILL_BOOK</setSpec><setSpec>uge_acar_RapidILL_BOOK</setSpec></header><metadata>
<record xmlns="http://www.loc.gov/MARC21/slim" xmlns:xsi="http://www.w3.org/2001/XMLSchema-instance" xsi:schemaLocation="http://www.loc.gov/MARC21/slim http://www.loc.gov/standards/marcxml/schema/MARC21slim.xsd"><leader>00918nam a2200289 c 4500</leader><controlfield tag="001">991000096479705502</controlfield><controlfield tag="005">20201126044454.0</controlfield><controlfield tag="008">081027s2007    sp ||||| |||| 00| ||spa d</controlfield><datafield ind1=" " ind2=" " tag="020"><subfield code="a">9788423339020</subfield></datafield><datafield ind1=" " ind2=" " tag="035"><subfield code="a">(swissbib)107285088-41slsp_network</subfield></datafield><datafield ind1=" " ind2=" " tag="035"><subfield code="a">107285088</subfield><subfield code="9">ExL</subfield></datafield><datafield ind1=" " ind2=" " tag="035"><subfield code="a">(RERO)R004852496-41slsp</subfield></datafield><datafield ind1=" " ind2=" " tag="035"><subfield code="a">(EXLNZ-41SLSP_NETWORK)991040937229705501</subfield></datafield><datafield ind1=" " ind2=" " tag="040"><subfield code="a">RERO geules</subfield><subfield code="d">CH-ZuSLS</subfield></datafield><datafield ind1=" " ind2="7" tag="072"><subfield code="a">es</subfield><subfield code="2">rero</subfield></datafield><datafield ind1="1" ind2=" " tag="100"><subfield code="a">Laforet, Carmen</subfield><subfield code="d">1921-2004</subfield><subfield code="0">(IDREF)032279795</subfield><subfield code="4">cre</subfield></datafield><datafield ind1="1" ind2="0" tag="245"><subfield code="a">Nada</subfield><subfield code="c">Carmen Laforet ; ed.: Rosa Navarro Durán ; guía de lectura: Enrique Turpin</subfield></datafield><datafield ind1=" " ind2=" " tag="250"><subfield code="a">3a ed</subfield></datafield><datafield ind1=" " ind2="1" tag="264"><subfield code="a">Barcelona</subfield><subfield code="b">Espasa-Calpe</subfield><subfield code="c">2007</subfield></datafield><datafield ind1=" " ind2=" " tag="300"><subfield code="a">353 p.</subfield></datafield><datafield ind1=" " ind2=" " tag="336"><subfield code="b">txt</subfield><subfield code="2">rdacontent</subfield></datafield><datafield ind1=" " ind2=" " tag="337"><subfield code="b">n</subfield><subfield code="2">rdamedia</subfield></datafield><datafield ind1=" " ind2=" " tag="338"><subfield code="b">nc</subfield><subfield code="2">rdacarrier</subfield></datafield><datafield ind1="1" ind2=" " tag="490"><subfield code="a">Austral</subfield><subfield code="v">572. Narrativa</subfield></datafield><datafield ind1="1" ind2=" " tag="700"><subfield code="a">Navarro Durán, Rosa</subfield><subfield code="d">1947-....</subfield><subfield code="0">(IDREF)030490952</subfield></datafield><datafield ind1="1" ind2=" " tag="700"><subfield code="a">Turpin, Enrique</subfield><subfield code="0">(IDREF)072482869</subfield></datafield><datafield ind1=" " ind2=" " tag="830"><subfield code="a">Austral</subfield><subfield code="v">572</subfield><subfield code="w">(RERO)0379282-41slsp</subfield></datafield><datafield ind1=" " ind2=" " tag="900"><subfield code="a">REROnoselfmerge</subfield></datafield><datafield ind1=" " ind2=" " tag="993"><subfield code="a">BFLA 206568</subfield><subfield code="x">ge/ules/a/08/333</subfield><subfield code="9">LOCAL</subfield></datafield></record>
</metadata></record>