<record><header><identifier>oai:alma.41SLSP_UGE:991000815199705502</identifier><datestamp>2023-04-11T00:12:24Z</datestamp><setSpec>uge_bcen_RapidILL_BOOK</setSpec><setSpec>uge_aaca_RapidILL_BOOK</setSpec><setSpec>uge_abels_RapidILL_BOOK</setSpec><setSpec>uge_dbu_RapidILL_BOOK</setSpec><setSpec>uge_cmu_RapidILL_BOOK</setSpec><setSpec>uge_mail_RapidILL_BOOK</setSpec><setSpec>uge_abbat_RapidILL_BOOK</setSpec><setSpec>UNIGE_ALL</setSpec><setSpec>uge_aobs_RapidILL_BOOK</setSpec><setSpec>uge_acar_RapidILL_BOOK</setSpec></header><metadata>
<record xmlns="http://www.loc.gov/MARC21/slim" xmlns:xsi="http://www.w3.org/2001/XMLSchema-instance" xsi:schemaLocation="http://www.loc.gov/MARC21/slim http://www.loc.gov/standards/marcxml/schema/MARC21slim.xsd"><leader>01591nam a2200385 c 4500</leader><controlfield tag="001">991000815199705502</controlfield><controlfield tag="005">20230410143821.0</controlfield><controlfield tag="008">201011s2013    gw ||||| |||| 00| ||ger d</controlfield><datafield ind1=" " ind2=" " tag="020"><subfield code="a">9783981405590</subfield></datafield><datafield ind1=" " ind2=" " tag="035"><subfield code="a">(swissbib)220160783-41slsp_network</subfield></datafield><datafield ind1=" " ind2=" " tag="035"><subfield code="a">220160783</subfield><subfield code="9">ExL</subfield></datafield><datafield ind1=" " ind2=" " tag="035"><subfield code="a">(RERO)R008218853-41slsp</subfield></datafield><datafield ind1=" " ind2=" " tag="035"><subfield code="a">(NEBIS)010007342EBI01</subfield></datafield><datafield ind1=" " ind2=" " tag="035"><subfield code="a">(EXLNZ-41SLSP_NETWORK)991137699759705501</subfield></datafield><datafield ind1=" " ind2=" " tag="040"><subfield code="a">SzZuIDS NEBIS FH-HSR</subfield><subfield code="d">CH-ZuSLS</subfield></datafield><datafield ind1=" " ind2="7" tag="072"><subfield code="a">lg</subfield><subfield code="2">rero</subfield></datafield><datafield ind1="0" ind2="4" tag="082"><subfield code="a">808.0666</subfield><subfield code="2">22</subfield></datafield><datafield ind1="0" ind2="0" tag="245"><subfield code="a">Regelbasiertes Schreiben</subfield><subfield code="b">Deutsch für die Technische Kommunikation</subfield><subfield code="c">Gesellschaft für Technische Kommunikation (Deutschland)</subfield></datafield><datafield ind1="1" ind2="3" tag="246"><subfield code="a">Leitlinie regelbasiertes Schreiben</subfield></datafield><datafield ind1=" " ind2=" " tag="250"><subfield code="a">2. erw. Aufl.</subfield></datafield><datafield ind1=" " ind2="1" tag="264"><subfield code="a">Stuttgart</subfield><subfield code="b">Tekom</subfield><subfield code="c">2013</subfield></datafield><datafield ind1=" " ind2=" " tag="300"><subfield code="a">168 S.</subfield><subfield code="b">Ill.</subfield></datafield><datafield ind1=" " ind2=" " tag="336"><subfield code="b">txt</subfield><subfield code="2">rdacontent</subfield></datafield><datafield ind1=" " ind2=" " tag="337"><subfield code="b">n</subfield><subfield code="2">rdamedia</subfield></datafield><datafield ind1=" " ind2=" " tag="338"><subfield code="b">nc</subfield><subfield code="2">rdacarrier</subfield></datafield><datafield ind1=" " ind2="7" tag="650"><subfield code="a">Allemand (langue)</subfield><subfield code="0">(IDREF)027789829</subfield><subfield code="2">idref</subfield></datafield><datafield ind1=" " ind2="7" tag="650"><subfield code="a">Communication écrite</subfield><subfield code="0">(IDREF)027635368</subfield><subfield code="2">idref</subfield></datafield><datafield ind1=" " ind2="7" tag="650"><subfield code="a">Langage scientifique et technique</subfield><subfield code="0">(IDREF)027836053</subfield><subfield code="2">idref</subfield></datafield><datafield ind1=" " ind2="7" tag="650"><subfield code="a">Documentation technique</subfield><subfield code="0">(IDREF)027853519</subfield><subfield code="2">idref</subfield></datafield><datafield ind1=" " ind2="7" tag="650"><subfield code="a">DEUTSCH (SPRACHWISSENSCHAFT)</subfield><subfield code="9">ger</subfield><subfield code="0">(ETHUDK)000036290</subfield><subfield code="2">ethudk</subfield></datafield><datafield ind1=" " ind2="7" tag="650"><subfield code="a">TECHNISCHE DOKUMENTATION</subfield><subfield code="9">ger</subfield><subfield code="0">(ETHUDK)000009028</subfield><subfield code="2">ethudk</subfield></datafield><datafield ind1=" " ind2="7" tag="650"><subfield code="a">WISSENSCHAFTSSPRACHE + TECHNISCHE SPRACHE (SPRACHWISSENSCHAFT)</subfield><subfield code="9">ger</subfield><subfield code="0">(ETHUDK)000036181</subfield><subfield code="2">ethudk</subfield></datafield><datafield ind1="2" ind2=" " tag="710"><subfield code="a">Gesellschaft für Technische Kommunikation</subfield><subfield code="0">(DE-588)5031304-6</subfield></datafield><datafield ind1="2" ind2=" " tag="710"><subfield code="a">Gesellschaft für technische Kommunikation (Stuttgart)</subfield><subfield code="0">(RERO)A013312769</subfield></datafield><datafield ind1=" " ind2=" " tag="900"><subfield code="a">REROnoselfmerge</subfield></datafield><datafield ind1=" " ind2=" " tag="900"><subfield code="a">IDSE5E87ANH-2014</subfield></datafield></record>
</metadata></record>