<record><header><identifier>oai:alma.41SLSP_UGE:991000814889705502</identifier><datestamp>2024-10-05T00:12:34Z</datestamp><setSpec>uge_bcen_RapidILL_BOOK</setSpec><setSpec>uge_aaca_RapidILL_BOOK</setSpec><setSpec>uge_abels_RapidILL_BOOK</setSpec><setSpec>uge_dbu_RapidILL_BOOK</setSpec><setSpec>uge_cmu_RapidILL_BOOK</setSpec><setSpec>uge_mail_RapidILL_BOOK</setSpec><setSpec>uge_abbat_RapidILL_BOOK</setSpec><setSpec>UNIGE_ALL</setSpec><setSpec>uge_aobs_RapidILL_BOOK</setSpec><setSpec>uge_acar_RapidILL_BOOK</setSpec></header><metadata>
<record xmlns="http://www.loc.gov/MARC21/slim" xmlns:xsi="http://www.w3.org/2001/XMLSchema-instance" xsi:schemaLocation="http://www.loc.gov/MARC21/slim http://www.loc.gov/standards/marcxml/schema/MARC21slim.xsd"><leader>01873nam a2200409 c 4500</leader><controlfield tag="001">991000814889705502</controlfield><controlfield tag="005">20241004205547.0</controlfield><controlfield tag="008">201011s1990    xxu||||| |||| 00| ||fre d</controlfield><datafield ind1=" " ind2=" " tag="020"><subfield code="a">9212162533</subfield></datafield><datafield ind1=" " ind2=" " tag="035"><subfield code="a">(swissbib)211494534-41slsp_network</subfield></datafield><datafield ind1=" " ind2=" " tag="035"><subfield code="a">211494534</subfield><subfield code="9">ExL</subfield></datafield><datafield ind1=" " ind2=" " tag="035"><subfield code="a">(RERO)1332908-41slsp</subfield></datafield><datafield ind1=" " ind2=" " tag="035"><subfield code="a">(NEBIS)000580831EBI01</subfield></datafield><datafield ind1=" " ind2=" " tag="035"><subfield code="a">(IDSBB)000689184DSV01</subfield></datafield><datafield ind1=" " ind2=" " tag="035"><subfield code="a">(EXLNZ-41SLSP_NETWORK)991140702039705501</subfield></datafield><datafield ind1=" " ind2=" " tag="040"><subfield code="a">RERO geuceh</subfield><subfield code="d">CH-ZuSLS</subfield></datafield><datafield ind1=" " ind2="7" tag="072"><subfield code="a">ch</subfield><subfield code="2">rero</subfield></datafield><datafield ind1=" " ind2="7" tag="072"><subfield code="a">nw</subfield><subfield code="2">SzZuIDS BS/BE</subfield></datafield><datafield ind1=" " ind2="7" tag="072"><subfield code="a">te</subfield><subfield code="2">SzZuIDS BS/BE</subfield></datafield><datafield ind1="1" ind2="4" tag="082"><subfield code="a">500</subfield><subfield code="2">15</subfield></datafield><datafield ind1="0" ind2="0" tag="245"><subfield code="a">&lt;&lt;L'&gt;&gt;état de la pollution atmosphérique transfrontière</subfield><subfield code="b">rapport rédigé dans le cadre de la Convention sur la pollution atmosphérique transfrontière à longue distance</subfield><subfield code="c">Commission économique pour l'Europe</subfield></datafield><datafield ind1=" " ind2="1" tag="264"><subfield code="a">New York</subfield><subfield code="b">Nations Unies</subfield><subfield code="c">1990</subfield></datafield><datafield ind1=" " ind2=" " tag="300"><subfield code="a">VIII, 146 S.</subfield><subfield code="c">30 cm</subfield><subfield code="b">Ill., Karten</subfield></datafield><datafield ind1=" " ind2=" " tag="336"><subfield code="b">txt</subfield><subfield code="2">rdacontent</subfield></datafield><datafield ind1=" " ind2=" " tag="337"><subfield code="b">n</subfield><subfield code="2">rdamedia</subfield></datafield><datafield ind1=" " ind2=" " tag="338"><subfield code="b">nc</subfield><subfield code="2">rdacarrier</subfield></datafield><datafield ind1="0" ind2=" " tag="490"><subfield code="a">United Nations publication</subfield></datafield><datafield ind1="1" ind2=" " tag="490"><subfield code="a">Études sur la pollution atmosphérique</subfield><subfield code="v">5</subfield></datafield><datafield ind1=" " ind2="7" tag="650"><subfield code="a">pollution atmosphérique</subfield><subfield code="0">(RERO)A010020101</subfield><subfield code="2">rerovoc</subfield></datafield><datafield ind1=" " ind2="7" tag="650"><subfield code="a">FERNTRANSPORT VON UMWELTSCHADSTOFFEN (UMWELTPROBLEME)</subfield><subfield code="9">ger</subfield><subfield code="0">(ETHUDK)000050330</subfield><subfield code="2">ethudk</subfield></datafield><datafield ind1=" " ind2="7" tag="650"><subfield code="a">GRENZÜBERSCHREITENDE UMWELTPROBLEME, GRENZÜBERSCHREITENDER UMWELTSCHUTZ</subfield><subfield code="9">ger</subfield><subfield code="0">(ETHUDK)000062994</subfield><subfield code="2">ethudk</subfield></datafield><datafield ind1=" " ind2="7" tag="650"><subfield code="a">LUFTVERUNREINIGUNG (UMWELTPROBLEME)</subfield><subfield code="9">ger</subfield><subfield code="0">(ETHUDK)000012437</subfield><subfield code="2">ethudk</subfield></datafield><datafield ind1=" " ind2="7" tag="650"><subfield code="a">Grenzüberschreitende Luftverunreinigung</subfield><subfield code="2">idsbb</subfield></datafield><datafield ind1="2" ind2=" " tag="710"><subfield code="a">Vereinte Nationen</subfield><subfield code="b">Wirtschaftskommission für Europa</subfield><subfield code="0">(DE-588)2023669-4</subfield></datafield><datafield ind1="2" ind2=" " tag="710"><subfield code="a">Nations Unies</subfield><subfield code="b">Commission économique pour l'Europe</subfield><subfield code="0">(IDREF)033535833</subfield></datafield><datafield ind1=" " ind2=" " tag="830"><subfield code="a">Etudes sur la pollution atmosphérique</subfield><subfield code="v">5</subfield><subfield code="w">(RERO)0649238-41slsp</subfield></datafield><datafield ind1=" " ind2=" " tag="830"><subfield code="a">Etudes sur la pollution atmosphérique</subfield><subfield code="v">5</subfield><subfield code="w">(NEBIS)000032562EBI01</subfield></datafield><datafield ind1=" " ind2=" " tag="900"><subfield code="a">REROnoselfmerge</subfield></datafield></record>
</metadata></record>