<record><header><identifier>oai:alma.41SLSP_UGE:991000814919705502</identifier><datestamp>2023-07-03T00:41:51Z</datestamp><setSpec>uge_bcen_RapidILL_BOOK</setSpec><setSpec>uge_aaca_RapidILL_BOOK</setSpec><setSpec>uge_abels_RapidILL_BOOK</setSpec><setSpec>uge_dbu_RapidILL_BOOK</setSpec><setSpec>uge_cmu_RapidILL_BOOK</setSpec><setSpec>uge_mail_RapidILL_BOOK</setSpec><setSpec>uge_abbat_RapidILL_BOOK</setSpec><setSpec>UNIGE_ALL</setSpec><setSpec>uge_aobs_RapidILL_BOOK</setSpec><setSpec>uge_acar_RapidILL_BOOK</setSpec></header><metadata>
<record xmlns="http://www.loc.gov/MARC21/slim" xmlns:xsi="http://www.w3.org/2001/XMLSchema-instance" xsi:schemaLocation="http://www.loc.gov/MARC21/slim http://www.loc.gov/standards/marcxml/schema/MARC21slim.xsd"><leader>05055nam a2200601 c 4500</leader><controlfield tag="001">991000814919705502</controlfield><controlfield tag="005">20230702061148.0</controlfield><controlfield tag="008">201011s2010    xxk||||| |||| 00| ||eng d</controlfield><datafield ind1=" " ind2=" " tag="020"><subfield code="a">9780199579723</subfield><subfield code="q">hbk.</subfield><subfield code="c">GBP 50.00</subfield></datafield><datafield ind1=" " ind2=" " tag="035"><subfield code="a">(swissbib)211800848-41slsp_network</subfield></datafield><datafield ind1=" " ind2=" " tag="035"><subfield code="a">211800848</subfield><subfield code="9">ExL</subfield></datafield><datafield ind1=" " ind2=" " tag="035"><subfield code="a">(RERO)R005438885-41slsp</subfield></datafield><datafield ind1=" " ind2=" " tag="035"><subfield code="a">(IDSSG)000540477HSB01</subfield></datafield><datafield ind1=" " ind2=" " tag="035"><subfield code="a">(IDSLU)000981334ILU01</subfield></datafield><datafield ind1=" " ind2=" " tag="035"><subfield code="a">(EXLNZ-41SLSP_NETWORK)991038129619705501</subfield></datafield><datafield ind1=" " ind2=" " tag="040"><subfield code="a">RERO geubfd</subfield><subfield code="d">CH-ZuSLS</subfield></datafield><datafield ind1=" " ind2="7" tag="072"><subfield code="a">dr</subfield><subfield code="2">rero</subfield></datafield><datafield ind1=" " ind2="7" tag="072"><subfield code="a">812</subfield><subfield code="2">IDS LU</subfield></datafield><datafield ind1=" " ind2="7" tag="072"><subfield code="a">842</subfield><subfield code="2">IDS LU</subfield></datafield><datafield ind1="7" ind2="4" tag="082"><subfield code="a">340</subfield><subfield code="2">23sdnb</subfield></datafield><datafield ind1=" " ind2=" " tag="084"><subfield code="a">PS 3760</subfield><subfield code="2">rvk</subfield></datafield><datafield ind1=" " ind2=" " tag="084"><subfield code="a">CA/CE 81 g</subfield><subfield code="2">cjurrom</subfield></datafield><datafield ind1=" " ind2=" " tag="084"><subfield code="a">CA/CE 82 g</subfield><subfield code="2">cjurrom</subfield></datafield><datafield ind1="0" ind2="0" tag="245"><subfield code="a">European securities law</subfield><subfield code="c">ed. by Raj Panasar, Philip Boeckman</subfield></datafield><datafield ind1=" " ind2="1" tag="264"><subfield code="a">Oxford</subfield><subfield code="b">Oxford University Press</subfield><subfield code="c">2010</subfield></datafield><datafield ind1=" " ind2=" " tag="300"><subfield code="a">1344 S.</subfield><subfield code="c">26 cm</subfield></datafield><datafield ind1=" " ind2=" " tag="336"><subfield code="b">txt</subfield><subfield code="2">rdacontent</subfield></datafield><datafield ind1=" " ind2=" " tag="337"><subfield code="b">n</subfield><subfield code="2">rdamedia</subfield></datafield><datafield ind1=" " ind2=" " tag="338"><subfield code="b">nc</subfield><subfield code="2">rdacarrier</subfield></datafield><datafield ind1="2" ind2="7" tag="610"><subfield code="a">Union européenne</subfield><subfield code="0">(IDREF)032486324</subfield><subfield code="2">idref</subfield></datafield><datafield ind1="2" ind2="7" tag="610"><subfield code="a">Europäische Union</subfield><subfield code="0">(DE-588)5098525-5</subfield><subfield code="2">gnd</subfield></datafield><datafield ind1=" " ind2="7" tag="650"><subfield code="a">Valeurs mobilières</subfield><subfield code="0">(IDREF)027482022</subfield><subfield code="2">idref</subfield></datafield><datafield ind1=" " ind2="7" tag="650"><subfield code="a">Bourse</subfield><subfield code="0">(IDREF)027465764</subfield><subfield code="2">idref</subfield></datafield><datafield ind1=" " ind2="7" tag="650"><subfield code="a">Droit</subfield><subfield code="0">(IDREF)027466868</subfield><subfield code="2">idref</subfield></datafield><datafield ind1=" " ind2="7" tag="650"><subfield code="a">droit boursier</subfield><subfield code="0">(RERO)A009969933</subfield><subfield code="2">rerovoc</subfield></datafield><datafield ind1=" " ind2="7" tag="650"><subfield code="a">papier valeur</subfield><subfield code="0">(RERO)A009968610</subfield><subfield code="2">rerovoc</subfield></datafield><datafield ind1=" " ind2="7" tag="650"><subfield code="a">Wertpapierrecht</subfield><subfield code="0">(DE-588)4065682-2</subfield><subfield code="2">gnd</subfield></datafield><datafield ind1=" " ind2="7" tag="650"><subfield code="a">Mitgliedsstaaten</subfield><subfield code="0">(DE-588)4170174-4</subfield><subfield code="2">gnd</subfield></datafield><datafield ind1=" " ind2="7" tag="650"><subfield code="a">Rechtsvergleich</subfield><subfield code="0">(DE-588)4115712-6</subfield><subfield code="2">gnd</subfield></datafield><datafield ind1=" " ind2="7" tag="655"><subfield code="a">Aufsatzsammlung</subfield><subfield code="2">gnd-content</subfield></datafield><datafield ind1=" " ind2=" " tag="690"><subfield code="a">Prospectus ; Directive ; Disclosure ; Offer ; Shareholder ; Judicial subject ; Public law ; Approval procedure ; Abbreviation ; Securities Law ; Security law ; Legislation ; Comminution ; Inducement ; Requirement ; Protection ; Account regulation ; Investors protection ; Investor protection ; Intermediation ; Authorization ; Application ; Monitoring ; Investment ; Dilution ; Business process ; Securities trading ; Security trader ; Security trade ; Validation ; Financial Disclosure ; Financial Statement ; History ; reviews ; Exemption ; Debt security ; Format ; Approval ; Account ; Accounting ; Takeover ; Diligence ; Relationship ; presentation ; Research ; Variance ; Sections ; Section ; Control ; Prescription ; Legal liability ; host ; Market ; Marketing ; Auditor ; Specialist ; Debt offering ; Structured Notes ; Provision ; Financial data processing ; component placement ; Data table ; Cognitive system ; Financial Market ; Investor ; Scoping ; Responsibility ; Optical transparency ; Issuer ; Disclosure regime ; Enterprise ; Eligibility ; Corporate Restructuring ; Mark ; Marking ; Risk factor ; Security ; Exhibition ; Publication ; Audit ; Auditing ; Conflict ; Business conduct ; Equity ; Go public ; Advertising ; key ; United States ; Advertise regime ; Battle ; Type ; Issue debt ; Stock market ; Base ; Guarantor ; Administrative body ; Formality ; Factor ; Supplement ; Dealer ; Underwriter ; Context ; Disapplication ; Information science ; Raj ; Content list ; Framework ; Purpose ; Initial ; Trigger ; Triggering ; Withdrawal ; Regular ; cleaning ; behaviour ; Predator ; Shareholding ; Adviser ; Primary ; Earthing ; Blackout ; Controller ; Complex ; Language ; Nutshell ; Commercial Paper ; Hybrid ; Marker ; Home member ; components ; Commerce ; Approval process ; Distribution arrangement ; Multiple ; Wholesale ; Cascade ; Clearance system ; Debt issuer</subfield><subfield code="2">idssg-J</subfield></datafield><datafield ind1=" " ind2=" " tag="690"><subfield code="a">; Debt issue ; Debt ; Issuance ; Admission ; Cashbox ; Great Britain ; Blocking ; Block ; Finance institution ; Timetable ; Netherlands ; Resale ; Buyer ; Broad ; Reach ; Reaching ; Litigant ; Harmonization ; EC ; Consultation ; Retailing ; Retail ; Regime ; EU ; Mitigation ; Obligation ; Report obligation ; Disclosure obligation</subfield><subfield code="2">idssg-J</subfield></datafield><datafield ind1=" " ind2=" " tag="690"><subfield code="a">Related-Party</subfield><subfield code="2">idssg-J</subfield></datafield><datafield ind1=" " ind2=" " tag="690"><subfield code="a">Third country; other information; institutional offering; basic rules; Senior notes; fiscal agent; Financial information; global form; final terms; illustrative timeline; stand-alone issue; main differences; Legislative background; Legal considerations; new shares; Various structures; non-public offerings; Current issues; regarding private</subfield><subfield code="2">idssg-J</subfield></datafield><datafield ind1=" " ind2=" " tag="690"><subfield code="a">United_States [100];  UK [33];  Netherlands [26];  EU [13]; Europe [100]; United_Kingdom [49]; U.S. [46]; State [35]; Oxford [22]; Hamilton [18]; Germany [12]; France [9]; London [0]</subfield><subfield code="2">idssg-J</subfield></datafield><datafield ind1=" " ind2=" " tag="690"><subfield code="a">Panasar; xlvüi; lv; lvü; lxxxvüi; Lachlan; Linklaters; MiFID; Cleary; Gottlieb; Steen; Luis; de; Uria; Menendez; Javier; Redonet; Pre; Passporting; passporting; Trapnell; Freshfields; Bruckhaus; Deringer; Trusree; Xll; secruities; xin; requiremenr</subfield><subfield code="2">idssg-J</subfield></datafield><datafield ind1=" " ind2=" " tag="691"><subfield code="e">PF 81</subfield><subfield code="2">rzs-L1</subfield></datafield><datafield ind1="1" ind2=" " tag="700"><subfield code="a">Boeckman, Philip</subfield></datafield><datafield ind1="1" ind2=" " tag="700"><subfield code="a">Panasar, Raj</subfield></datafield><datafield ind1="1" ind2=" " tag="700"><subfield code="a">Panasar, Raj</subfield><subfield code="c">juriste</subfield><subfield code="d">19..-....</subfield><subfield code="0">(IDREF)147173604</subfield></datafield><datafield ind1="1" ind2=" " tag="700"><subfield code="a">Boeckman, Philip</subfield><subfield code="c">juriste</subfield><subfield code="d">19..-....</subfield><subfield code="0">(IDREF)147173620</subfield></datafield><datafield ind1="4" ind2=" " tag="856"><subfield code="u">https://tools.unisg.ch/url/hm00372148</subfield><subfield code="z">Inhaltsverzeichnis</subfield></datafield><datafield ind1=" " ind2=" " tag="911"><subfield code="a">Panasar, Raj S</subfield></datafield><datafield ind1=" " ind2=" " tag="949"><subfield code="a">https://tools.unisg.ch/url/hm00372148</subfield></datafield></record>
</metadata></record>