<record><header><identifier>oai:alma.41SLSP_UGE:991000815129705502</identifier><datestamp>2023-03-01T01:10:27Z</datestamp><setSpec>uge_bcen_RapidILL_BOOK</setSpec><setSpec>uge_aaca_RapidILL_BOOK</setSpec><setSpec>uge_abels_RapidILL_BOOK</setSpec><setSpec>uge_dbu_RapidILL_BOOK</setSpec><setSpec>uge_cmu_RapidILL_BOOK</setSpec><setSpec>uge_mail_RapidILL_BOOK</setSpec><setSpec>UNIGE_ALL</setSpec><setSpec>uge_abbat_RapidILL_BOOK</setSpec><setSpec>uge_aobs_RapidILL_BOOK</setSpec><setSpec>uge_acar_RapidILL_BOOK</setSpec></header><metadata>
<record xmlns="http://www.loc.gov/MARC21/slim" xmlns:xsi="http://www.w3.org/2001/XMLSchema-instance" xsi:schemaLocation="http://www.loc.gov/MARC21/slim http://www.loc.gov/standards/marcxml/schema/MARC21slim.xsd"><leader>01096nam a22002412c 4500</leader><controlfield tag="001">991000815129705502</controlfield><controlfield tag="005">20201126050633.0</controlfield><controlfield tag="008">090814s2004    fr ||||| |||| 10| ||fre d</controlfield><datafield ind1=" " ind2=" " tag="035"><subfield code="a">(swissbib)108318389-41slsp_network</subfield></datafield><datafield ind1=" " ind2=" " tag="035"><subfield code="a">108318389</subfield><subfield code="9">ExL</subfield></datafield><datafield ind1=" " ind2=" " tag="035"><subfield code="a">(RERO)R005147859-41slsp</subfield></datafield><datafield ind1=" " ind2=" " tag="035"><subfield code="a">(EXLNZ-41SLSP_NETWORK)991058348239705501</subfield></datafield><datafield ind1=" " ind2=" " tag="040"><subfield code="a">RERO geuth-</subfield><subfield code="d">CH-ZuSLS</subfield></datafield><datafield ind1=" " ind2="7" tag="072"><subfield code="a">th</subfield><subfield code="2">rero</subfield></datafield><datafield ind1="0" ind2="0" tag="245"><subfield code="a">Exégèses de l'Evangile de Jean</subfield><subfield code="b">actes de la Journée d'exégèse médiévale et moderne organisée le 11 mars 2004 à la Faculté de Théologie protestante de Strasbourg par le GRENEP avbec la collaboration du Centre d'études sur les mystiques rhénans</subfield><subfield code="c">recuillis par Annie Noblesse-Rocher</subfield></datafield><datafield ind1=" " ind2="1" tag="264"><subfield code="a">Paris</subfield><subfield code="b">Positions luthériennes</subfield><subfield code="c">2004</subfield></datafield><datafield ind1=" " ind2=" " tag="336"><subfield code="b">txt</subfield><subfield code="2">rdacontent</subfield></datafield><datafield ind1=" " ind2=" " tag="337"><subfield code="b">n</subfield><subfield code="2">rdamedia</subfield></datafield><datafield ind1=" " ind2=" " tag="338"><subfield code="b">nc</subfield><subfield code="2">rdacarrier</subfield></datafield><datafield ind1="1" ind2=" " tag="490"><subfield code="a">Positions luthériennes</subfield><subfield code="v">année 52(2004), no 3</subfield></datafield><datafield ind1="1" ind2=" " tag="700"><subfield code="a">Noblesse-Rocher, Annie</subfield><subfield code="d">1958-....</subfield><subfield code="0">(IDREF)090076532</subfield></datafield><datafield ind1="2" ind2=" " tag="711"><subfield code="a">Journée d'exégèse médiévale et moderne</subfield><subfield code="n">1</subfield><subfield code="d">2004</subfield><subfield code="c">Strasbourg</subfield><subfield code="0">(RERO)A016672100</subfield></datafield><datafield ind1=" " ind2=" " tag="830"><subfield code="a">Positions luthériennes</subfield><subfield code="v">52,3</subfield><subfield code="w">(RERO)0277064-41slsp</subfield></datafield><datafield ind1=" " ind2=" " tag="900"><subfield code="a">REROnoselfmerge</subfield></datafield></record>
</metadata></record>