<record><header><identifier>oai:alma.41SLSP_UGE:991000814819705502</identifier><datestamp>2023-06-16T00:21:30Z</datestamp><setSpec>uge_bcen_RapidILL_BOOK</setSpec><setSpec>uge_aaca_RapidILL_BOOK</setSpec><setSpec>uge_abels_RapidILL_BOOK</setSpec><setSpec>uge_dbu_RapidILL_BOOK</setSpec><setSpec>uge_cmu_RapidILL_BOOK</setSpec><setSpec>uge_mail_RapidILL_BOOK</setSpec><setSpec>uge_abbat_RapidILL_BOOK</setSpec><setSpec>UNIGE_ALL</setSpec><setSpec>uge_aobs_RapidILL_BOOK</setSpec><setSpec>uge_acar_RapidILL_BOOK</setSpec></header><metadata>
<record xmlns="http://www.loc.gov/MARC21/slim" xmlns:xsi="http://www.w3.org/2001/XMLSchema-instance" xsi:schemaLocation="http://www.loc.gov/MARC21/slim http://www.loc.gov/standards/marcxml/schema/MARC21slim.xsd"><leader>03614nam a2200697 c 4500</leader><controlfield tag="001">991000814819705502</controlfield><controlfield tag="005">20230325155322.0</controlfield><controlfield tag="008">201011t19881988gw ||||| |||| 10| ||eng d</controlfield><datafield ind1=" " ind2=" " tag="020"><subfield code="a">0387190538</subfield><subfield code="q">New York</subfield></datafield><datafield ind1=" " ind2=" " tag="020"><subfield code="a">3540190538</subfield><subfield code="q">Berlin 0-387-19053-8 New York</subfield></datafield><datafield ind1=" " ind2=" " tag="035"><subfield code="a">(swissbib)22428553X-41slsp_network</subfield></datafield><datafield ind1=" " ind2=" " tag="035"><subfield code="a">22428553X</subfield><subfield code="9">ExL</subfield></datafield><datafield ind1=" " ind2=" " tag="035"><subfield code="a">(RERO)1060002-41slsp</subfield></datafield><datafield ind1=" " ind2=" " tag="035"><subfield code="a">(IDSBB)000606492DSV01</subfield></datafield><datafield ind1=" " ind2=" " tag="035"><subfield code="a">(NEBIS)000559201EBI01</subfield></datafield><datafield ind1=" " ind2=" " tag="035"><subfield code="a">(EXLNZ-41SLSP_NETWORK)991076021919705501</subfield></datafield><datafield ind1=" " ind2=" " tag="040"><subfield code="a">RERO geuses</subfield><subfield code="d">CH-ZuSLS</subfield></datafield><datafield ind1=" " ind2="7" tag="072"><subfield code="a">ma</subfield><subfield code="2">rero</subfield></datafield><datafield ind1=" " ind2="7" tag="072"><subfield code="a">wi</subfield><subfield code="2">SzZuIDS BS/BE</subfield></datafield><datafield ind1=" " ind2="7" tag="072"><subfield code="a">mt</subfield><subfield code="2">SzZuIDS BS/BE</subfield></datafield><datafield ind1="1" ind2="4" tag="082"><subfield code="a">510</subfield><subfield code="2">15</subfield></datafield><datafield ind1="1" ind2="4" tag="082"><subfield code="a">330</subfield><subfield code="2">15</subfield></datafield><datafield ind1=" " ind2=" " tag="084"><subfield code="a">QH 420</subfield><subfield code="2">rvk</subfield></datafield><datafield ind1=" " ind2=" " tag="084"><subfield code="a">SI 853</subfield><subfield code="2">rvk</subfield></datafield><datafield ind1="0" ind2="0" tag="245"><subfield code="a">Optimization, parallel processing and applications</subfield><subfield code="b">proceedings of the Oberwolfach Conference on Operations Research, February 16-21, 1987 and the Workshop on Advanced Computation Techniques, Parallel Processing and Optimization held at Karlsruhe, West Germany, February 22-25, 1987</subfield><subfield code="c">A. Kurzhanski, K. Neumann, D. Pallaschke (eds.)</subfield></datafield><datafield ind1=" " ind2="1" tag="264"><subfield code="a">Berlin</subfield><subfield code="a">Heidelberg [etc.]</subfield><subfield code="b">Springer</subfield><subfield code="c">[1988]</subfield></datafield><datafield ind1=" " ind2="4" tag="264"><subfield code="c">© 1988</subfield></datafield><datafield ind1=" " ind2=" " tag="300"><subfield code="a">VI, 292 p.</subfield><subfield code="b">ill.</subfield><subfield code="c">24 cm</subfield></datafield><datafield ind1=" " ind2=" " tag="336"><subfield code="b">txt</subfield><subfield code="2">rdacontent</subfield></datafield><datafield ind1=" " ind2=" " tag="337"><subfield code="b">n</subfield><subfield code="2">rdamedia</subfield></datafield><datafield ind1=" " ind2=" " tag="338"><subfield code="b">nc</subfield><subfield code="2">rdacarrier</subfield></datafield><datafield ind1="1" ind2=" " tag="490"><subfield code="a">Lecture notes in economics and mathematical systems</subfield><subfield code="v">304</subfield></datafield><datafield ind1=" " ind2=" " tag="500"><subfield code="a">Ermittelte Vornamen: Alexander B. Kurzhanski</subfield></datafield><datafield ind1=" " ind2=" " tag="504"><subfield code="a">Bibliogr</subfield></datafield><datafield ind1=" " ind2="7" tag="650"><subfield code="a">optimisation</subfield><subfield code="0">(RERO)A010015203</subfield><subfield code="2">rerovoc</subfield></datafield><datafield ind1=" " ind2="7" tag="650"><subfield code="a">Parallélisme (informatique)</subfield><subfield code="0">(IDREF)02787656X</subfield><subfield code="2">idref</subfield></datafield><datafield ind1=" " ind2="7" tag="650"><subfield code="a">gestion de la production - organisation (structure)</subfield><subfield code="0">(RERO)A009993423</subfield><subfield code="2">rerovoc</subfield></datafield><datafield ind1=" " ind2="7" tag="650"><subfield code="a">Équations différentielles</subfield><subfield code="0">(IDREF)02722418X</subfield><subfield code="2">idref</subfield></datafield><datafield ind1=" " ind2="7" tag="650"><subfield code="a">opérateurs</subfield><subfield code="0">(RERO)A010125778</subfield><subfield code="2">rerovoc</subfield></datafield><datafield ind1=" " ind2="7" tag="650"><subfield code="a">Théorie des graphes</subfield><subfield code="0">(IDREF)027315428</subfield><subfield code="2">idref</subfield></datafield><datafield ind1=" " ind2="7" tag="650"><subfield code="a">Parallelverarbeitung</subfield><subfield code="v">Kongressbericht</subfield><subfield code="2">idsbb</subfield></datafield><datafield ind1=" " ind2="7" tag="650"><subfield code="a">Optimierung</subfield><subfield code="v">Kongressbericht</subfield><subfield code="2">idsbb</subfield></datafield><datafield ind1=" " ind2="7" tag="650"><subfield code="a">MATHEMATISCHE OPTIMIERUNG (OPERATIONS RESEARCH)</subfield><subfield code="9">ger</subfield><subfield code="0">(ETHUDK)000013853</subfield><subfield code="2">ethudk</subfield></datafield><datafield ind1=" " ind2="7" tag="650"><subfield code="a">PARALLELVERARBEITUNG + NEBENLÄUFIGKEIT (BETRIEBSSYSTEME)</subfield><subfield code="9">ger</subfield><subfield code="0">(ETHUDK)000013755</subfield><subfield code="2">ethudk</subfield></datafield><datafield ind1=" " ind2="7" tag="655"><subfield code="a">Actes de congrès</subfield><subfield code="0">(IDREF)02886431X</subfield><subfield code="2">idref</subfield></datafield><datafield ind1=" " ind2="7" tag="655"><subfield code="a">Konferenzschrift</subfield><subfield code="z">Oberwolfach</subfield><subfield code="y">1987</subfield><subfield code="2">gnd-content</subfield></datafield><datafield ind1=" " ind2="7" tag="655"><subfield code="a">Konferenzschrift</subfield><subfield code="z">Karlsruhe</subfield><subfield code="y">1987</subfield><subfield code="2">gnd-content</subfield></datafield><datafield ind1=" " ind2="7" tag="655"><subfield code="a">Konferenzschrift</subfield><subfield code="z">Karlsruhe</subfield><subfield code="y">1987/02</subfield><subfield code="2">gnd-content</subfield></datafield><datafield ind1=" " ind2="7" tag="655"><subfield code="a">Konferenzschrift</subfield><subfield code="z">Oberwolfach</subfield><subfield code="y">1987/02</subfield><subfield code="2">gnd-content</subfield></datafield><datafield ind1="1" ind2=" " tag="700"><subfield code="a">Kuržanskij, Aleksandr</subfield><subfield code="d">1939-</subfield><subfield code="0">(DE-588)170603660</subfield></datafield><datafield ind1="1" ind2=" " tag="700"><subfield code="a">Kurzhanskiĭ, Alexander B</subfield><subfield code="0">(RERO)A003481220</subfield></datafield><datafield ind1="2" ind2=" " tag="711"><subfield code="a">Oberwolfach-Tagung über Operations-Research</subfield><subfield code="0">(DE-588)1008005-3</subfield></datafield><datafield ind1="2" ind2=" " tag="711"><subfield code="a">Workshop on Advanced Computation Techniques, Parallel Processing and Optimization</subfield><subfield code="0">(DE-588)1091715823</subfield></datafield><datafield ind1="2" ind2=" " tag="711"><subfield code="a">Oberwolfach Conference on Operations Research</subfield><subfield code="d">1987</subfield><subfield code="0">(DE-588)16192906-0</subfield></datafield><datafield ind1="2" ind2=" " tag="711"><subfield code="a">Conference on Operations Research</subfield><subfield code="d">1987</subfield><subfield code="c">Oberwolfach</subfield><subfield code="0">(RERO)A012511574</subfield></datafield><datafield ind1="2" ind2=" " tag="711"><subfield code="a">Workshop on Advanced Computation Techniques, Parallel Processing and Optimization</subfield><subfield code="d">1987</subfield><subfield code="c">Karlsruhe</subfield><subfield code="0">(RERO)A012511575</subfield><subfield code="6">880-04</subfield></datafield><datafield ind1="2" ind2=" " tag="880"><subfield code="a">Workshop on Advanced Computation Techniques, Parallel Processing and Optimization</subfield><subfield code="d">1987</subfield><subfield code="c">Karlsruhe</subfield><subfield code="0">(DE-588)2096136-4</subfield><subfield code="6">711-04</subfield></datafield><datafield ind1="4" ind2=" " tag="856"><subfield code="3">Inhaltsverzeichnis</subfield><subfield code="u">http://www.ub.unibas.ch/tox/HBZ/HT003111945/PDF</subfield><subfield code="q">pdf</subfield></datafield><datafield ind1=" " ind2=" " tag="830"><subfield code="a">Lecture notes in economics and mathematical systems</subfield><subfield code="v">304</subfield><subfield code="w">(RERO)0050478-41slsp</subfield></datafield><datafield ind1=" " ind2=" " tag="830"><subfield code="a">Lecture notes in economics and mathematical systems</subfield><subfield code="v">304</subfield><subfield code="w">(IDSBB)000017709DSV01</subfield></datafield><datafield ind1=" " ind2=" " tag="900"><subfield code="a">REROnoselfmerge</subfield></datafield><datafield ind1=" " ind2=" " tag="949"><subfield code="a">http://www.ub.unibas.ch/tox/HBZ/HT003111945/PDF</subfield></datafield></record>
</metadata></record>