<record><header><identifier>oai:alma.41SLSP_UGE:991000814719705502</identifier><datestamp>2023-03-01T01:10:27Z</datestamp><setSpec>uge_bcen_RapidILL_BOOK</setSpec><setSpec>uge_aaca_RapidILL_BOOK</setSpec><setSpec>uge_abels_RapidILL_BOOK</setSpec><setSpec>uge_dbu_RapidILL_BOOK</setSpec><setSpec>uge_cmu_RapidILL_BOOK</setSpec><setSpec>uge_mail_RapidILL_BOOK</setSpec><setSpec>UNIGE_ALL</setSpec><setSpec>uge_abbat_RapidILL_BOOK</setSpec><setSpec>uge_aobs_RapidILL_BOOK</setSpec><setSpec>uge_acar_RapidILL_BOOK</setSpec></header><metadata>
<record xmlns="http://www.loc.gov/MARC21/slim" xmlns:xsi="http://www.w3.org/2001/XMLSchema-instance" xsi:schemaLocation="http://www.loc.gov/MARC21/slim http://www.loc.gov/standards/marcxml/schema/MARC21slim.xsd"><leader>02545nam a2200721 c 4500</leader><controlfield tag="001">991000814719705502</controlfield><controlfield tag="005">20211023063955.0</controlfield><controlfield tag="008">201012s1981    xxc||||| |||| 00| ||eng d</controlfield><datafield ind1=" " ind2=" " tag="020"><subfield code="a">9028622314</subfield><subfield code="q">Europe</subfield></datafield><datafield ind1=" " ind2=" " tag="020"><subfield code="a">0770301851</subfield><subfield code="q">North America</subfield></datafield><datafield ind1="7" ind2=" " tag="024"><subfield code="a">http://catalogue.bnf.fr/ark:/12148/cb374307268</subfield><subfield code="2">uri</subfield></datafield><datafield ind1=" " ind2=" " tag="035"><subfield code="a">(swissbib)238061639-41slsp_network</subfield></datafield><datafield ind1=" " ind2=" " tag="035"><subfield code="a">238061639</subfield><subfield code="9">ExL</subfield></datafield><datafield ind1=" " ind2=" " tag="035"><subfield code="a">(RERO)0493580-41slsp</subfield></datafield><datafield ind1=" " ind2=" " tag="035"><subfield code="a">(NEBIS)000238232EBI01</subfield></datafield><datafield ind1=" " ind2=" " tag="035"><subfield code="a">(IDSBB)000096960DSV01</subfield></datafield><datafield ind1=" " ind2=" " tag="035"><subfield code="a">(EXLNZ-41SLSP_NETWORK)991009670889705501</subfield></datafield><datafield ind1=" " ind2=" " tag="040"><subfield code="a">RERO</subfield><subfield code="d">CH-ZuSLS</subfield></datafield><datafield ind1=" " ind2=" " tag="044"><subfield code="a">xxc</subfield><subfield code="a">ne</subfield></datafield><datafield ind1=" " ind2="7" tag="072"><subfield code="a">dr</subfield><subfield code="2">rero</subfield></datafield><datafield ind1=" " ind2="7" tag="072"><subfield code="a">rm</subfield><subfield code="2">SzZuIDS BS/BE</subfield></datafield><datafield ind1="0" ind2="4" tag="082"><subfield code="a">341.7625</subfield><subfield code="b">L7196a</subfield><subfield code="2">22</subfield></datafield><datafield ind1="0" ind2="4" tag="082"><subfield code="a">341.7623</subfield><subfield code="2">20</subfield></datafield><datafield ind1="0" ind2="4" tag="082"><subfield code="a">750</subfield><subfield code="2">19</subfield></datafield><datafield ind1="0" ind2="4" tag="082"><subfield code="a">330.917</subfield></datafield><datafield ind1="0" ind2="4" tag="082"><subfield code="a">759.11s</subfield></datafield><datafield ind1="1" ind2="4" tag="082"><subfield code="a">341.762 3</subfield><subfield code="2">21</subfield></datafield><datafield ind1="1" ind2="4" tag="082"><subfield code="a">340</subfield><subfield code="2">15</subfield></datafield><datafield ind1="1" ind2="4" tag="082"><subfield code="a">341.7623</subfield></datafield><datafield ind1=" " ind2=" " tag="084"><subfield code="a">D 25 h</subfield><subfield code="2">cjurrom</subfield></datafield><datafield ind1=" " ind2=" " tag="084"><subfield code="a">PR 2359</subfield><subfield code="2">rvk</subfield></datafield><datafield ind1="1" ind2=" " tag="100"><subfield code="a">Lier, Irene H. van</subfield><subfield code="0">(IDREF)251199541</subfield><subfield code="4">cre</subfield></datafield><datafield ind1="1" ind2="0" tag="245"><subfield code="a">Acid rain and international law</subfield><subfield code="c">by Irene H. Van Lier</subfield></datafield><datafield ind1=" " ind2="1" tag="264"><subfield code="a">Toronto</subfield><subfield code="b">Bunsel Environmental Consultants</subfield><subfield code="a">Alphen aan den Rijn</subfield><subfield code="b">Sijthoff &amp; Noordhoff</subfield><subfield code="c">1981</subfield></datafield><datafield ind1=" " ind2=" " tag="300"><subfield code="a">XXII, 278 p.</subfield><subfield code="b">ill.</subfield><subfield code="c">23 cm</subfield></datafield><datafield ind1=" " ind2=" " tag="336"><subfield code="b">txt</subfield><subfield code="2">rdacontent</subfield></datafield><datafield ind1=" " ind2=" " tag="337"><subfield code="b">n</subfield><subfield code="2">rdamedia</subfield></datafield><datafield ind1=" " ind2=" " tag="338"><subfield code="b">nc</subfield><subfield code="2">rdacarrier</subfield></datafield><datafield ind1=" " ind2=" " tag="500"><subfield code="a">Préf. datée : 1981</subfield></datafield><datafield ind1=" " ind2=" " tag="502"><subfield code="a">Thesis Univ. Dalhousie, 1980</subfield></datafield><datafield ind1=" " ind2=" " tag="502"><subfield code="a">Zugl.: Thesis on Law Nova Scotia (Can)</subfield></datafield><datafield ind1=" " ind2=" " tag="504"><subfield code="a">Bibliogr</subfield></datafield><datafield ind1="1" ind2="0" tag="600"><subfield code="a">Lismer, Arthur</subfield><subfield code="d">1885-1969</subfield></datafield><datafield ind1="1" ind2="0" tag="600"><subfield code="a">Sobey, Donald</subfield></datafield><datafield ind1="1" ind2="0" tag="600"><subfield code="a">Sobey, Frank H</subfield></datafield><datafield ind1=" " ind2="7" tag="650"><subfield code="a">Internationales Umweltrecht</subfield><subfield code="0">(DE-588)4027453-6</subfield><subfield code="2">gnd</subfield></datafield><datafield ind1=" " ind2="7" tag="650"><subfield code="a">Luftverschmutzung</subfield><subfield code="0">(DE-588)4074381-0</subfield><subfield code="2">gnd</subfield></datafield><datafield ind1=" " ind2="7" tag="650"><subfield code="a">Saurer Regen</subfield><subfield code="0">(DE-588)4179239-7</subfield><subfield code="2">gnd</subfield></datafield><datafield ind1=" " ind2="7" tag="650"><subfield code="a">Völkerrecht</subfield><subfield code="0">(DE-588)4063693-8</subfield><subfield code="2">gnd</subfield></datafield><datafield ind1=" " ind2="0" tag="650"><subfield code="a">Acid rain</subfield></datafield><datafield ind1=" " ind2="0" tag="650"><subfield code="a">Acid rain</subfield><subfield code="x">International cooperation</subfield></datafield><datafield ind1=" " ind2="0" tag="650"><subfield code="a">Air</subfield><subfield code="x">Pollution</subfield><subfield code="x">Law and legislation</subfield></datafield><datafield ind1=" " ind2="0" tag="650"><subfield code="a">Environmental law, International</subfield></datafield><datafield ind1=" " ind2="7" tag="650"><subfield code="a">GRENZÜBERSCHREITENDE UMWELTPROBLEME UND INTERNATIONALE ZUSAMMENARBEIT (UMWELTRECHT)</subfield><subfield code="9">ger</subfield><subfield code="0">(ETHUDK)000037737</subfield><subfield code="2">ethudk</subfield></datafield><datafield ind1=" " ind2="7" tag="650"><subfield code="a">SAURE NIEDERSCHLÄGE, SAURE DEPOSITIONEN (UMWELTPROBLEME)</subfield><subfield code="9">ger</subfield><subfield code="0">(ETHUDK)000012443</subfield><subfield code="2">ethudk</subfield></datafield><datafield ind1=" " ind2="7" tag="650"><subfield code="a">Saurer Regen</subfield><subfield code="x">Recht</subfield><subfield code="2">idsbb</subfield></datafield><datafield ind1=" " ind2="7" tag="650"><subfield code="a">Internationales Umweltrecht</subfield><subfield code="2">idsbb</subfield></datafield><datafield ind1=" " ind2="7" tag="655"><subfield code="a">Hochschulschrift</subfield><subfield code="2">gnd-content</subfield></datafield><datafield ind1=" " ind2=" " tag="690"><subfield code="a">Internationales Umweltrecht</subfield><subfield code="2">uzb-Z9</subfield></datafield><datafield ind1=" " ind2=" " tag="690"><subfield code="a">Saurer Regen</subfield><subfield code="2">uzb-Z9</subfield></datafield><datafield ind1="1" ind2=" " tag="700"><subfield code="a">Lier, Irene H. van</subfield></datafield><datafield ind1="1" ind2=" " tag="700"><subfield code="a">Van Lier, Irene H.</subfield></datafield><datafield ind1=" " ind2=" " tag="900"><subfield code="a">REROnoselfmerge</subfield></datafield><datafield ind1=" " ind2=" " tag="900"><subfield code="a">IDSZ2rwimon200811l</subfield><subfield code="c">IDSZ2bice</subfield></datafield></record>
</metadata></record>