<record><header><identifier>oai:alma.41SLSP_UGE:991000815009705502</identifier><datestamp>2023-03-01T01:10:27Z</datestamp><setSpec>uge_bcen_RapidILL_BOOK</setSpec><setSpec>uge_aaca_RapidILL_BOOK</setSpec><setSpec>uge_abels_RapidILL_BOOK</setSpec><setSpec>uge_dbu_RapidILL_BOOK</setSpec><setSpec>uge_cmu_RapidILL_BOOK</setSpec><setSpec>uge_mail_RapidILL_BOOK</setSpec><setSpec>UNIGE_ALL</setSpec><setSpec>uge_abbat_RapidILL_BOOK</setSpec><setSpec>uge_acar_RapidILL_BOOK</setSpec><setSpec>uge_aobs_RapidILL_BOOK</setSpec></header><metadata>
<record xmlns="http://www.loc.gov/MARC21/slim" xmlns:xsi="http://www.w3.org/2001/XMLSchema-instance" xsi:schemaLocation="http://www.loc.gov/MARC21/slim http://www.loc.gov/standards/marcxml/schema/MARC21slim.xsd"><leader>02965nam a22004092c 4500</leader><controlfield tag="001">991000815009705502</controlfield><controlfield tag="005">20230210183453.0</controlfield><controlfield tag="008">130731s1974    ja ||||| |||| 00| ||jpn d</controlfield><datafield ind1=" " ind2=" " tag="035"><subfield code="a">(swissbib)117844381-41slsp_network</subfield></datafield><datafield ind1=" " ind2=" " tag="035"><subfield code="a">117844381</subfield><subfield code="9">ExL</subfield></datafield><datafield ind1=" " ind2=" " tag="035"><subfield code="a">(RERO)R007432032-41slsp</subfield></datafield><datafield ind1=" " ind2=" " tag="035"><subfield code="a">(EXLNZ-41SLSP_NETWORK)991020283339705501</subfield></datafield><datafield ind1=" " ind2=" " tag="040"><subfield code="a">RERO geullo</subfield><subfield code="d">CH-ZuSLS</subfield></datafield><datafield ind1=" " ind2="7" tag="072"><subfield code="a">or</subfield><subfield code="2">rero</subfield></datafield><datafield ind1="0" ind2="0" tag="245"><subfield code="6">880-01</subfield><subfield code="a">Oka Asajirō shū</subfield><subfield code="c">henshū kaisetsu Tsukuba Hisaharu</subfield></datafield><datafield ind1="0" ind2="0" tag="880"><subfield code="6">245-01/$1</subfield><subfield code="a">丘浅次郎集</subfield><subfield code="c">編集解説 筑波常治</subfield></datafield><datafield ind1=" " ind2=" " tag="250"><subfield code="6">880-02</subfield><subfield code="a">Shohan</subfield></datafield><datafield ind1=" " ind2=" " tag="880"><subfield code="6">250-02/$1</subfield><subfield code="a">初版</subfield></datafield><datafield ind1=" " ind2="1" tag="264"><subfield code="6">880-03</subfield><subfield code="a">Tōkyō</subfield><subfield code="b">Chikuma Shobō</subfield><subfield code="c">1974</subfield></datafield><datafield ind1=" " ind2="1" tag="880"><subfield code="6">264-03/$1</subfield><subfield code="a">東京</subfield><subfield code="b">筑摩書房</subfield><subfield code="c">1974</subfield></datafield><datafield ind1=" " ind2=" " tag="300"><subfield code="a">463 p.</subfield><subfield code="b">ill., ports.</subfield><subfield code="c">20 cm</subfield></datafield><datafield ind1=" " ind2=" " tag="336"><subfield code="b">txt</subfield><subfield code="2">rdacontent</subfield></datafield><datafield ind1=" " ind2=" " tag="337"><subfield code="b">n</subfield><subfield code="2">rdamedia</subfield></datafield><datafield ind1=" " ind2=" " tag="338"><subfield code="b">nc</subfield><subfield code="2">rdacarrier</subfield></datafield><datafield ind1="1" ind2=" " tag="490"><subfield code="6">880-04</subfield><subfield code="a">Kindai Nihon shisō taikei</subfield><subfield code="v">9</subfield></datafield><datafield ind1="0" ind2=" " tag="880"><subfield code="6">490-04/$1</subfield><subfield code="a">近代日本思想大系</subfield><subfield code="v">9</subfield></datafield><datafield ind1=" " ind2=" " tag="504"><subfield code="a">Includes bibliographical references (p. 462-463)</subfield></datafield><datafield ind1="0" ind2=" " tag="505"><subfield code="6">880-05</subfield><subfield code="a">Shinkaron kōwa -- Kyōiku to hakubutsugaku -- Jinrui no kodaikyō -- Geijutsu to shite no tetsugaku -- Iwayuru shizen no bi to shizen no ai -- Jinrui no shōrai -- Iwayuru ijin -- Shizen no fukushū -- Kyōkainaki sabetsu -- Kokei no riron -- Utagai no kyōiku -- Rika kyōiku no kontei -- Rakudai to taikō -- Saru no mure kara kyōwakoku made</subfield></datafield><datafield ind1="0" ind2=" " tag="880"><subfield code="6">505-05/$1</subfield><subfield code="a">進化論講話 -- 教育と博物学 -- 人類の誇大狂 -- 芸術としての哲学 -- 所謂自然の美と自然の愛 -- 人類の将来 -- 所謂偉人 -- 自然の復讐 -- 境界なき差別 -- 固形の論理 -- 疑ひの教育 -- 理科教育の根底 -- 落第と退校 -- 猿の群れから共和国まで</subfield></datafield><datafield ind1=" " ind2="7" tag="650"><subfield code="a">Évolution (biologie)</subfield><subfield code="0">(IDREF)033366004</subfield><subfield code="2">idref</subfield></datafield><datafield ind1=" " ind2="7" tag="650"><subfield code="a">Sciences naturelles</subfield><subfield code="0">(IDREF)027248313</subfield><subfield code="2">idref</subfield></datafield><datafield ind1="1" ind2=" " tag="700"><subfield code="6">880-06</subfield><subfield code="a">Tsukuba, Hisaharu</subfield><subfield code="d">1930-2012</subfield><subfield code="0">(IDREF)145039560</subfield></datafield><datafield ind1="1" ind2=" " tag="880"><subfield code="6">700-06/$1</subfield><subfield code="a">筑波常治</subfield><subfield code="d">1930-</subfield></datafield><datafield ind1="1" ind2=" " tag="700"><subfield code="6">880-07</subfield><subfield code="a">Oka, Asajirō</subfield><subfield code="d">1868-1944</subfield><subfield code="0">(IDREF)145039226</subfield></datafield><datafield ind1="1" ind2=" " tag="880"><subfield code="6">700-07/$1</subfield><subfield code="a">丘浅次郎</subfield><subfield code="d">1868-1944</subfield></datafield><datafield ind1=" " ind2="0" tag="830"><subfield code="6">880-09</subfield><subfield code="a">Kindai Nihon shisō taikei</subfield><subfield code="v">9</subfield><subfield code="w">(RERO)R007431495-41slsp</subfield></datafield><datafield ind1=" " ind2="0" tag="880"><subfield code="6">830-09</subfield><subfield code="a">近代日本思想大系</subfield><subfield code="v">9</subfield></datafield><datafield ind1=" " ind2=" " tag="900"><subfield code="a">REROnoselfmerge</subfield></datafield></record>
</metadata></record>