<record><header><identifier>oai:alma.41SLSP_UGE:991000096069705502</identifier><datestamp>2024-04-06T00:24:08Z</datestamp><setSpec>uge_bcen_RapidILL_BOOK</setSpec><setSpec>uge_aaca_RapidILL_BOOK</setSpec><setSpec>uge_abels_RapidILL_BOOK</setSpec><setSpec>uge_dbu_RapidILL_BOOK</setSpec><setSpec>uge_cmu_RapidILL_BOOK</setSpec><setSpec>uge_mail_RapidILL_BOOK</setSpec><setSpec>uge_abbat_RapidILL_BOOK</setSpec><setSpec>UNIGE_ALL</setSpec><setSpec>uge_acar_RapidILL_BOOK</setSpec><setSpec>uge_aobs_RapidILL_BOOK</setSpec></header><metadata>
<record xmlns="http://www.loc.gov/MARC21/slim" xmlns:xsi="http://www.w3.org/2001/XMLSchema-instance" xsi:schemaLocation="http://www.loc.gov/MARC21/slim http://www.loc.gov/standards/marcxml/schema/MARC21slim.xsd"><leader>02643nam a2200601 c 4500</leader><controlfield tag="001">991000096069705502</controlfield><controlfield tag="005">20240108102129.0</controlfield><controlfield tag="008">201011s1988    gw            000 0 ger  </controlfield><datafield ind1=" " ind2=" " tag="020"><subfield code="a">2851210939</subfield></datafield><datafield ind1="7" ind2=" " tag="024"><subfield code="a">http://catalogue.bnf.fr/ark:/12148/cb349623241</subfield><subfield code="2">uri</subfield></datafield><datafield ind1=" " ind2=" " tag="035"><subfield code="a">(swissbib)22406357X-41slsp_network</subfield></datafield><datafield ind1=" " ind2=" " tag="035"><subfield code="a">22406357X</subfield><subfield code="9">ExL</subfield></datafield><datafield ind1=" " ind2=" " tag="035"><subfield code="a">(NEBIS)007715643EBI01</subfield></datafield><datafield ind1=" " ind2=" " tag="035"><subfield code="a">(SBT)000454586SBT01</subfield></datafield><datafield ind1=" " ind2=" " tag="035"><subfield code="a">(RERO)1089667-41slsp</subfield></datafield><datafield ind1=" " ind2=" " tag="035"><subfield code="a">(EXLNZ-41SLSP_NETWORK)991038140089705501</subfield></datafield><datafield ind1=" " ind2=" " tag="040"><subfield code="a">SzZuIDS NEBIS UZH</subfield><subfield code="d">CH-ZuSLS</subfield></datafield><datafield ind1="1" ind2=" " tag="041"><subfield code="a">fre</subfield><subfield code="a">lat</subfield><subfield code="h">lat</subfield></datafield><datafield ind1=" " ind2="7" tag="072"><subfield code="a">th</subfield><subfield code="2">rero</subfield></datafield><datafield ind1="1" ind2=" " tag="100"><subfield code="a">Augustinus, Aurelius</subfield><subfield code="c">Heiliger</subfield><subfield code="d">354-430</subfield><subfield code="6">880-01</subfield><subfield code="0">(DE-588)118505114</subfield></datafield><datafield ind1="1" ind2=" " tag="880"><subfield code="6">100-01</subfield><subfield code="a">Augustinus, Aurelius</subfield><subfield code="c">santo</subfield><subfield code="d">354-430</subfield><subfield code="0">(SBT11)000000634</subfield></datafield><datafield ind1="0" ind2=" " tag="880"><subfield code="6">100-01/(B</subfield><subfield code="a">Augustin</subfield><subfield code="c">saint</subfield><subfield code="d">0354-0430</subfield><subfield code="0">(IDREF)027280896</subfield><subfield code="4">aut</subfield></datafield><datafield ind1="1" ind2="0" tag="245"><subfield code="a">Exposés généraux de la foi</subfield><subfield code="c">Saint Augustin ; texte, trad., notes par J. Rivière</subfield></datafield><datafield ind1=" " ind2=" " tag="250"><subfield code="a">2ème éd.</subfield><subfield code="b">mise à jour par G. Madec et J.-P. Bouhot</subfield></datafield><datafield ind1=" " ind2="1" tag="264"><subfield code="a">Paris</subfield><subfield code="b">Études Augustiniennes</subfield><subfield code="c">1988</subfield></datafield><datafield ind1=" " ind2=" " tag="300"><subfield code="a">479 p.</subfield><subfield code="c">18 cm</subfield></datafield><datafield ind1=" " ind2=" " tag="336"><subfield code="b">txt</subfield><subfield code="2">rdacontent</subfield></datafield><datafield ind1=" " ind2=" " tag="337"><subfield code="b">n</subfield><subfield code="2">rdamedia</subfield></datafield><datafield ind1=" " ind2=" " tag="338"><subfield code="b">nc</subfield><subfield code="2">rdacarrier</subfield></datafield><datafield ind1="1" ind2=" " tag="490"><subfield code="a">Opuscules / Aurelius Augustinus</subfield><subfield code="v">Vol. 9, éd. 2</subfield></datafield><datafield ind1="1" ind2=" " tag="490"><subfield code="a">Oeuvres de Saint Augustin</subfield><subfield code="v">Vol. 9, éd. 2</subfield></datafield><datafield ind1="1" ind2=" " tag="490"><subfield code="a">Bibliothèque Augustinienne</subfield><subfield code="v">Vol. 9</subfield></datafield><datafield ind1="0" ind2="0" tag="505"><subfield code="t">Enchiridion ad Laurentium</subfield></datafield><datafield ind1="0" ind2="0" tag="505"><subfield code="t">De fide et symbolo</subfield><subfield code="t">Enchiridion</subfield></datafield><datafield ind1="0" ind2="7" tag="600"><subfield code="a">Augustin</subfield><subfield code="c">(saint).</subfield><subfield code="t">Manuel à Laurent</subfield><subfield code="0">(RERO)A009963703</subfield><subfield code="2">rero</subfield></datafield><datafield ind1="0" ind2="7" tag="600"><subfield code="a">Augustin</subfield><subfield code="c">(saint).</subfield><subfield code="t">De la foi et du symbole</subfield><subfield code="0">(RERO)A009963689</subfield><subfield code="2">rero</subfield></datafield><datafield ind1=" " ind2="7" tag="650"><subfield code="a">Foi</subfield><subfield code="0">(IDREF)139217401</subfield><subfield code="2">idref</subfield></datafield><datafield ind1=" " ind2="7" tag="650"><subfield code="a">Rédemption</subfield><subfield code="0">(IDREF)050602268</subfield><subfield code="2">idref</subfield></datafield><datafield ind1=" " ind2="7" tag="650"><subfield code="a">Symboles de foi</subfield><subfield code="0">(IDREF)027488438</subfield><subfield code="2">idref</subfield></datafield><datafield ind1=" " ind2="7" tag="650"><subfield code="a">Salut</subfield><subfield code="0">(IDREF)027366529</subfield><subfield code="2">idref</subfield></datafield><datafield ind1=" " ind2="7" tag="655"><subfield code="a">Commentaire de texte</subfield><subfield code="0">(IDREF)27790681</subfield><subfield code="2">idref</subfield></datafield><datafield ind1=" " ind2=" " tag="691"><subfield code="e">230</subfield><subfield code="a">Cristianesimo, Teologia cristiana</subfield><subfield code="2">usi-TE</subfield></datafield><datafield ind1="1" ind2=" " tag="700"><subfield code="a">Bouhot, Jean-Paul</subfield></datafield><datafield ind1="1" ind2="2" tag="700"><subfield code="a">Augustinus, Aurelius</subfield><subfield code="d">354-430</subfield><subfield code="t">De fide et symbolo</subfield></datafield><datafield ind1="1" ind2="2" tag="700"><subfield code="a">Augustinus, Aurelius</subfield><subfield code="d">354-430</subfield><subfield code="t">Enchiridion</subfield></datafield><datafield ind1="1" ind2=" " tag="700"><subfield code="a">Rivière, Jean</subfield><subfield code="d">1878-1946</subfield><subfield code="0">(RERO)A014175409</subfield></datafield><datafield ind1="1" ind2=" " tag="700"><subfield code="a">Madec, Goulven</subfield><subfield code="d">1930-2008</subfield><subfield code="0">(IDREF)02700077X</subfield></datafield><datafield ind1="0" ind2=" " tag="800"><subfield code="a">Augustin</subfield><subfield code="c">saint</subfield><subfield code="d">0354-0430</subfield><subfield code="t">Oeuvres</subfield><subfield code="v">9</subfield><subfield code="w">(RERO)0366209-41slsp</subfield></datafield><datafield ind1="1" ind2=" " tag="800"><subfield code="a">Augustinus, Aurelius</subfield><subfield code="t">Oeuvres de Saint Augustin</subfield><subfield code="v">9</subfield><subfield code="w">(SBT)000252541SBT01</subfield></datafield><datafield ind1=" " ind2="0" tag="830"><subfield code="a">Bibliothèque Augustinienne</subfield><subfield code="w">(SBT)000388513SBT01</subfield></datafield><datafield ind1="1" ind2=" " tag="800"><subfield code="a">Augustinus, Aurelius</subfield><subfield code="d">354-430</subfield><subfield code="t">Opuscules</subfield><subfield code="v">9/2</subfield><subfield code="w">(NEBIS)008251731EBI01</subfield></datafield><datafield ind1="1" ind2=" " tag="800"><subfield code="a">Augustinus, Aurelius</subfield><subfield code="d">354-430</subfield><subfield code="t">Opera</subfield><subfield code="v">9/2</subfield><subfield code="w">(NEBIS)007710677EBI01</subfield></datafield><datafield ind1=" " ind2="0" tag="830"><subfield code="a">Bibliothèque Augustinienne</subfield><subfield code="v">9</subfield><subfield code="w">(NEBIS)008251510EBI01</subfield></datafield><datafield ind1=" " ind2=" " tag="900"><subfield code="a">REROnoselfmerge</subfield></datafield></record>
</metadata></record>