<record><header><identifier>oai:alma.41SLSP_UGE:991000095549705502</identifier><datestamp>2023-03-01T01:10:27Z</datestamp><setSpec>uge_bcen_RapidILL_BOOK</setSpec><setSpec>uge_aaca_RapidILL_BOOK</setSpec><setSpec>uge_abels_RapidILL_BOOK</setSpec><setSpec>uge_dbu_RapidILL_BOOK</setSpec><setSpec>uge_cmu_RapidILL_BOOK</setSpec><setSpec>uge_mail_RapidILL_BOOK</setSpec><setSpec>UNIGE_ALL</setSpec><setSpec>uge_abbat_RapidILL_BOOK</setSpec><setSpec>uge_aobs_RapidILL_BOOK</setSpec><setSpec>uge_acar_RapidILL_BOOK</setSpec></header><metadata>
<record xmlns="http://www.loc.gov/MARC21/slim" xmlns:xsi="http://www.w3.org/2001/XMLSchema-instance" xsi:schemaLocation="http://www.loc.gov/MARC21/slim http://www.loc.gov/standards/marcxml/schema/MARC21slim.xsd"><leader>01842nam a2200421uc 4500</leader><controlfield tag="001">991000095549705502</controlfield><controlfield tag="005">20201231123901.0</controlfield><controlfield tag="008">201012s1992    xxk    |      10| ||eng|d</controlfield><datafield ind1=" " ind2=" " tag="020"><subfield code="a">9780511662652</subfield><subfield code="q">ebook</subfield></datafield><datafield ind1=" " ind2=" " tag="020"><subfield code="a">0521433525</subfield></datafield><datafield ind1=" " ind2=" " tag="035"><subfield code="a">(swissbib)239418719-41slsp_network</subfield></datafield><datafield ind1=" " ind2=" " tag="035"><subfield code="a">239418719</subfield><subfield code="9">ExL</subfield></datafield><datafield ind1=" " ind2=" " tag="035"><subfield code="a">(NEBIS)000684535EBI01</subfield></datafield><datafield ind1=" " ind2=" " tag="035"><subfield code="a">(RERO)1587133-41slsp</subfield></datafield><datafield ind1=" " ind2=" " tag="035"><subfield code="a">(EXLNZ-41SLSP_NETWORK)991124570429705501</subfield></datafield><datafield ind1=" " ind2=" " tag="040"><subfield code="a">ETH-BIB</subfield><subfield code="b">ger</subfield><subfield code="e">ETHICS-ISBD</subfield><subfield code="d">CH-ZuSLS</subfield></datafield><datafield ind1="0" ind2=" " tag="041"><subfield code="a">eng</subfield><subfield code="a">fre</subfield></datafield><datafield ind1=" " ind2="7" tag="072"><subfield code="a">ma</subfield><subfield code="2">rero</subfield></datafield><datafield ind1=" " ind2=" " tag="084"><subfield code="a">50</subfield><subfield code="2">msc</subfield></datafield><datafield ind1="0" ind2="0" tag="245"><subfield code="a">Complex projective geometry</subfield><subfield code="c">ed. by G. Ellingsrud ... [et al.]</subfield></datafield><datafield ind1=" " ind2="1" tag="264"><subfield code="a">Cambridge</subfield><subfield code="b">Cambridge University Press</subfield><subfield code="c">1992</subfield></datafield><datafield ind1=" " ind2="4" tag="264"><subfield code="c">© 1992</subfield></datafield><datafield ind1=" " ind2=" " tag="300"><subfield code="a">340 S.</subfield><subfield code="c">23 cm</subfield></datafield><datafield ind1=" " ind2=" " tag="336"><subfield code="b">txt</subfield><subfield code="2">rdacontent</subfield></datafield><datafield ind1=" " ind2=" " tag="337"><subfield code="b">n</subfield><subfield code="2">rdamedia</subfield></datafield><datafield ind1=" " ind2=" " tag="338"><subfield code="b">nc</subfield><subfield code="2">rdacarrier</subfield></datafield><datafield ind1="1" ind2=" " tag="490"><subfield code="a">London Mathematical Society lecture note series</subfield><subfield code="v">179</subfield></datafield><datafield ind1=" " ind2=" " tag="500"><subfield code="a">Selected papers from ... &quot;two conferences ... Trieste (&quot;Projective Varieties&quot;, 19-24 June 1989) and Bergen (&quot;Vector Bundles and Special Projective Embeddings&quot;, 3-16 July 1989)</subfield></datafield><datafield ind1=" " ind2="7" tag="650"><subfield code="a">KOMPLEXE RÄUME DEFINIERT DURCH GLOBALE BEDINGUNGEN (ANALYTISCHE RÄUME)</subfield><subfield code="9">ger</subfield><subfield code="0">(ETHUDK)000013137</subfield><subfield code="2">ethudk</subfield></datafield><datafield ind1=" " ind2="7" tag="650"><subfield code="a">KOMPLEXE UND FASTKOMPLEXE MANNIGFALTIGKEITEN (TOPOLOGIE)</subfield><subfield code="9">ger</subfield><subfield code="0">(ETHUDK)000013107</subfield><subfield code="2">ethudk</subfield></datafield><datafield ind1=" " ind2="7" tag="650"><subfield code="a">PROJEKTIVE GEOMETRIE</subfield><subfield code="9">ger</subfield><subfield code="0">(ETHUDK)000012893</subfield><subfield code="2">ethudk</subfield></datafield><datafield ind1=" " ind2="7" tag="655"><subfield code="a">Konferenzschrift</subfield><subfield code="z">Bergen</subfield><subfield code="y">1989</subfield><subfield code="2">gnd-content</subfield></datafield><datafield ind1=" " ind2="7" tag="655"><subfield code="a">Konferenzschrift</subfield><subfield code="z">Trieste</subfield><subfield code="y">1989</subfield><subfield code="2">gnd-content</subfield></datafield><datafield ind1="1" ind2=" " tag="700"><subfield code="a">Ellingsrud, Geir</subfield><subfield code="d">1948-....</subfield><subfield code="0">(IDREF)059907754</subfield></datafield><datafield ind1="2" ind2=" " tag="711"><subfield code="a">Vector Bundles and Special Projective Embeddings</subfield><subfield code="d">1989</subfield><subfield code="c">Bergen</subfield><subfield code="0">(DE-588)1091303010</subfield></datafield><datafield ind1="2" ind2=" " tag="711"><subfield code="a">Projective Varieties</subfield><subfield code="d">1989</subfield><subfield code="c">Trieste</subfield><subfield code="0">(DE-588)1091303002</subfield></datafield><datafield ind1=" " ind2=" " tag="830"><subfield code="a">Lecture note series</subfield><subfield code="g">London Mathematical Society</subfield><subfield code="v">179</subfield><subfield code="w">(RERO)0381062-41slsp</subfield></datafield><datafield ind1=" " ind2=" " tag="900"><subfield code="f">IDSU2medea</subfield></datafield><datafield ind1=" " ind2=" " tag="900"><subfield code="a">REROnoselfmerge</subfield></datafield></record>
</metadata></record>