<record><header><identifier>oai:alma.41SLSP_UGE:991000815329705502</identifier><datestamp>2023-04-15T00:11:27Z</datestamp><setSpec>uge_bcen_RapidILL_BOOK</setSpec><setSpec>uge_aaca_RapidILL_BOOK</setSpec><setSpec>uge_abels_RapidILL_BOOK</setSpec><setSpec>uge_dbu_RapidILL_BOOK</setSpec><setSpec>uge_cmu_RapidILL_BOOK</setSpec><setSpec>uge_mail_RapidILL_BOOK</setSpec><setSpec>uge_abbat_RapidILL_BOOK</setSpec><setSpec>UNIGE_ALL</setSpec><setSpec>uge_acar_RapidILL_BOOK</setSpec><setSpec>uge_aobs_RapidILL_BOOK</setSpec></header><metadata>
<record xmlns="http://www.loc.gov/MARC21/slim" xmlns:xsi="http://www.w3.org/2001/XMLSchema-instance" xsi:schemaLocation="http://www.loc.gov/MARC21/slim http://www.loc.gov/standards/marcxml/schema/MARC21slim.xsd"><leader>03474nam a2200817 c 4500</leader><controlfield tag="001">991000815329705502</controlfield><controlfield tag="005">20230414191211.0</controlfield><controlfield tag="008">201011s2007    gw ||||| |||| 00| ||ger d</controlfield><datafield ind1=" " ind2=" " tag="015"><subfield code="a">GFR-DNB-07,N36,0347</subfield></datafield><datafield ind1="7" ind2=" " tag="016"><subfield code="a">985306602</subfield><subfield code="2">GyFmDB</subfield></datafield><datafield ind1=" " ind2=" " tag="020"><subfield code="a">342812538X</subfield><subfield code="c">(kart.) ; EUR 92.00</subfield></datafield><datafield ind1=" " ind2=" " tag="020"><subfield code="a">9783428125388</subfield><subfield code="q">kart.</subfield><subfield code="c">EUR 92.00</subfield></datafield><datafield ind1=" " ind2=" " tag="035"><subfield code="a">(swissbib)226298485-41slsp_network</subfield></datafield><datafield ind1=" " ind2=" " tag="035"><subfield code="a">226298485</subfield><subfield code="9">ExL</subfield></datafield><datafield ind1=" " ind2=" " tag="035"><subfield code="a">(RERO)R004569377-41slsp</subfield></datafield><datafield ind1=" " ind2=" " tag="035"><subfield code="a">(IDSBB)004321242DSV01</subfield></datafield><datafield ind1=" " ind2=" " tag="035"><subfield code="a">(NEBIS)005544628EBI01</subfield></datafield><datafield ind1=" " ind2=" " tag="035"><subfield code="a">(IDSLU)000553519ILU01</subfield></datafield><datafield ind1=" " ind2=" " tag="035"><subfield code="a">(EXLNZ-41SLSP_NETWORK)991110172659705501</subfield></datafield><datafield ind1=" " ind2=" " tag="040"><subfield code="a">RERO geubfd</subfield><subfield code="d">CH-ZuSLS</subfield></datafield><datafield ind1="0" ind2=" " tag="041"><subfield code="a">ger</subfield></datafield><datafield ind1=" " ind2=" " tag="044"><subfield code="a">gw</subfield></datafield><datafield ind1=" " ind2="7" tag="072"><subfield code="a">dr</subfield><subfield code="2">rero</subfield></datafield><datafield ind1=" " ind2="7" tag="072"><subfield code="a">rw</subfield><subfield code="2">SzZuIDS BS/BE</subfield></datafield><datafield ind1=" " ind2="7" tag="072"><subfield code="a">842</subfield><subfield code="2">IDS LU</subfield></datafield><datafield ind1="0" ind2="4" tag="082"><subfield code="a">343.07</subfield><subfield code="2">22</subfield></datafield><datafield ind1="1" ind2="4" tag="082"><subfield code="a">340</subfield><subfield code="2">15</subfield></datafield><datafield ind1=" " ind2=" " tag="084"><subfield code="a">A 18.5 h</subfield><subfield code="2">cjurrom</subfield></datafield><datafield ind1=" " ind2=" " tag="084"><subfield code="a">CA/CE 79.1 h</subfield><subfield code="2">cjurrom</subfield></datafield><datafield ind1=" " ind2=" " tag="084"><subfield code="a">A 80 h</subfield><subfield code="2">cjurrom</subfield></datafield><datafield ind1=" " ind2=" " tag="084"><subfield code="a">PE 330</subfield><subfield code="2">rvk</subfield></datafield><datafield ind1=" " ind2=" " tag="084"><subfield code="a">PE 430</subfield><subfield code="2">rvk</subfield></datafield><datafield ind1="1" ind2=" " tag="100"><subfield code="a">Hohl, Patrick</subfield><subfield code="0">(IDREF)17235031X</subfield><subfield code="4">cre</subfield></datafield><datafield ind1="1" ind2="0" tag="245"><subfield code="a">Private Standardsetzung im Gesellschafts- und Bilanzrecht</subfield><subfield code="b">verfassungsrechtliche Grenzen kooperativer Standardsetzung im europäischen Mehrebenensystem an den Beispielen des Deutschen Corporate Governance Kodexes und der International Financial Reporting Standards</subfield><subfield code="c">von Patrick Hohl</subfield></datafield><datafield ind1=" " ind2="1" tag="264"><subfield code="a">Berlin</subfield><subfield code="b">Duncker &amp; Humblot</subfield><subfield code="c">2007</subfield></datafield><datafield ind1=" " ind2=" " tag="300"><subfield code="a">359 S.</subfield><subfield code="c">24 cm</subfield></datafield><datafield ind1=" " ind2=" " tag="336"><subfield code="b">txt</subfield><subfield code="2">rdacontent</subfield></datafield><datafield ind1=" " ind2=" " tag="337"><subfield code="b">n</subfield><subfield code="2">rdamedia</subfield></datafield><datafield ind1=" " ind2=" " tag="338"><subfield code="b">nc</subfield><subfield code="2">rdacarrier</subfield></datafield><datafield ind1="1" ind2=" " tag="490"><subfield code="a">Beiträge zum europäischen Wirtschaftsrecht</subfield><subfield code="v">Bd. 44</subfield></datafield><datafield ind1=" " ind2=" " tag="500"><subfield code="a">Ed. commerciale de la thèse de Berlin, 2007</subfield></datafield><datafield ind1=" " ind2=" " tag="502"><subfield code="a">Zugl.: Berlin, Freie Univ., Diss., 2006/2007</subfield></datafield><datafield ind1="2" ind2="7" tag="610"><subfield code="a">Deutschland</subfield><subfield code="b">Regierungskommission Corporate Governance</subfield><subfield code="t">Deutscher Corporate Governance Kodex</subfield><subfield code="0">(DE-588)7569493-1</subfield><subfield code="2">gnd</subfield></datafield><datafield ind1=" " ind2="7" tag="650"><subfield code="a">Corporate governance</subfield><subfield code="x">Standardisierung</subfield><subfield code="x">Verfassung</subfield><subfield code="z">Deutschland (BRD)</subfield><subfield code="2">idsbb</subfield></datafield><datafield ind1=" " ind2="7" tag="650"><subfield code="a">International Financial Reporting Standards</subfield><subfield code="x">Verfassung</subfield><subfield code="z">Deutschland (BRD)</subfield><subfield code="2">idsbb</subfield></datafield><datafield ind1=" " ind2="7" tag="650"><subfield code="a">Verfassung</subfield><subfield code="x">Corporate governance</subfield><subfield code="x">Standardisierung</subfield><subfield code="z">Deutschland (BRD)</subfield><subfield code="2">idsbb</subfield></datafield><datafield ind1=" " ind2="7" tag="650"><subfield code="a">Verfassung</subfield><subfield code="x">International Financial Reporting Standards</subfield><subfield code="z">Deutschland (BRD)</subfield><subfield code="2">idsbb</subfield></datafield><datafield ind1=" " ind2="7" tag="650"><subfield code="a">Corporate Governance</subfield><subfield code="2">idszbz</subfield></datafield><datafield ind1=" " ind2="7" tag="650"><subfield code="a">Verhaltenskodex</subfield><subfield code="2">idszbz</subfield></datafield><datafield ind1=" " ind2="7" tag="650"><subfield code="a">Standardisierung</subfield><subfield code="2">idszbz</subfield></datafield><datafield ind1=" " ind2="7" tag="650"><subfield code="a">Verfassungsmässigkeit</subfield><subfield code="2">idszbz</subfield></datafield><datafield ind1=" " ind2="7" tag="650"><subfield code="a">International Financial Reporting Standards</subfield><subfield code="2">idszbz</subfield></datafield><datafield ind1=" " ind2="0" tag="650"><subfield code="a">Accounting</subfield><subfield code="x">Law and legislation</subfield><subfield code="z">Germany</subfield></datafield><datafield ind1=" " ind2="0" tag="650"><subfield code="a">Corporation law</subfield><subfield code="z">Germany</subfield></datafield><datafield ind1=" " ind2="0" tag="650"><subfield code="a">Standardisierung</subfield></datafield><datafield ind1=" " ind2="0" tag="650"><subfield code="a">Standardization</subfield><subfield code="x">Law and legislation</subfield></datafield><datafield ind1=" " ind2="0" tag="650"><subfield code="a">Verfassungsmässigkeit</subfield></datafield><datafield ind1=" " ind2="7" tag="650"><subfield code="a">International Financial Reporting Standards</subfield><subfield code="0">(DE-588)4699643-6</subfield><subfield code="2">gnd</subfield></datafield><datafield ind1=" " ind2="7" tag="650"><subfield code="a">Standardisierung</subfield><subfield code="0">(DE-588)4056914-7</subfield><subfield code="2">gnd</subfield></datafield><datafield ind1=" " ind2="7" tag="650"><subfield code="a">Verfassungsmäßigkeit</subfield><subfield code="0">(DE-588)4187680-5</subfield><subfield code="2">gnd</subfield></datafield><datafield ind1=" " ind2="7" tag="651"><subfield code="a">Deutschland</subfield><subfield code="2">idszbz</subfield></datafield><datafield ind1=" " ind2="7" tag="651"><subfield code="a">Deutschland</subfield><subfield code="0">(DE-588)4011882-4</subfield><subfield code="2">gnd</subfield></datafield><datafield ind1=" " ind2="7" tag="655"><subfield code="a">Hochschulschrift</subfield><subfield code="2">gnd-content</subfield></datafield><datafield ind1=" " ind2=" " tag="691"><subfield code="e">PC 79 D</subfield><subfield code="2">rzs-L1</subfield></datafield><datafield ind1=" " ind2=" " tag="691"><subfield code="e">PC 79.2 D</subfield><subfield code="2">rzs-L1</subfield></datafield><datafield ind1=" " ind2=" " tag="691"><subfield code="e">PC 82 D</subfield><subfield code="2">rzs-L1</subfield></datafield><datafield ind1=" " ind2=" " tag="691"><subfield code="e">PC 80 D</subfield><subfield code="2">rzs-L1</subfield></datafield><datafield ind1="1" ind2=" " tag="700"><subfield code="a">Hohl, Paul</subfield></datafield><datafield ind1="4" ind2=" " tag="856"><subfield code="3">Titelblatt und Inhaltsverzeichnis</subfield><subfield code="u">https://toc.library.ethz.ch/objects/pdf/z01_978-3-428-12538-8_01.pdf</subfield><subfield code="q">pdf</subfield></datafield><datafield ind1=" " ind2="0" tag="830"><subfield code="a">Beiträge zum europäischen Wirtschaftsrecht</subfield><subfield code="v">44</subfield><subfield code="w">(RERO)2016688-41slsp</subfield></datafield><datafield ind1=" " ind2=" " tag="900"><subfield code="a">IDSZ2zbzmon200804f</subfield><subfield code="c">IDSZ2baeh</subfield><subfield code="d">IDSZ2zbzswk200804b</subfield><subfield code="e">IDSZ2bruu</subfield></datafield><datafield ind1=" " ind2=" " tag="949"><subfield code="a">https://toc.library.ethz.ch/objects/pdf/z01_978-3-428-12538-8_01.pdf</subfield></datafield></record>
</metadata></record>