<record><header><identifier>oai:alma.41SLSP_UGE:991000815019705502</identifier><datestamp>2023-03-01T01:10:27Z</datestamp><setSpec>UNIGE_ALL</setSpec></header><metadata>
<record xmlns="http://www.loc.gov/MARC21/slim" xmlns:xsi="http://www.w3.org/2001/XMLSchema-instance" xsi:schemaLocation="http://www.loc.gov/MARC21/slim http://www.loc.gov/standards/marcxml/schema/MARC21slim.xsd"><leader>01387njm a2200265 c 4500</leader><controlfield tag="001">991000815019705502</controlfield><controlfield tag="005">20201126050653.0</controlfield><controlfield tag="007">sd f||g|||||||</controlfield><controlfield tag="008">061016s2003    fr ||n |            fre d</controlfield><datafield ind1="0" ind2="2" tag="028"><subfield code="a">9409182</subfield></datafield><datafield ind1=" " ind2=" " tag="035"><subfield code="a">(swissbib)104207639-41slsp_network</subfield></datafield><datafield ind1=" " ind2=" " tag="035"><subfield code="a">104207639</subfield><subfield code="9">ExL</subfield></datafield><datafield ind1=" " ind2=" " tag="035"><subfield code="a">(RERO)R004229175-41slsp</subfield></datafield><datafield ind1=" " ind2=" " tag="035"><subfield code="a">(EXLNZ-41SLSP_NETWORK)991068361839705501</subfield></datafield><datafield ind1=" " ind2=" " tag="040"><subfield code="a">RERO geumed</subfield><subfield code="d">CH-ZuSLS</subfield></datafield><datafield ind1=" " ind2="7" tag="072"><subfield code="a">mu</subfield><subfield code="2">rero</subfield></datafield><datafield ind1=" " ind2="7" tag="072"><subfield code="a">fr</subfield><subfield code="2">rero</subfield></datafield><datafield ind1="0" ind2="0" tag="245"><subfield code="a">&lt;&lt;L'&gt;&gt;Encyclopédie de la chanson française</subfield><subfield code="b">&quot;E&quot;</subfield></datafield><datafield ind1=" " ind2="1" tag="264"><subfield code="a">[Lieu de publication non identifié]</subfield><subfield code="b">Universal Collections</subfield><subfield code="c">2003</subfield></datafield><datafield ind1=" " ind2=" " tag="300"><subfield code="a">1 disque compact</subfield></datafield><datafield ind1=" " ind2=" " tag="336"><subfield code="b">prm</subfield><subfield code="2">rdacontent</subfield></datafield><datafield ind1=" " ind2=" " tag="337"><subfield code="b">s</subfield><subfield code="2">rdamedia</subfield></datafield><datafield ind1=" " ind2=" " tag="338"><subfield code="b">sd</subfield><subfield code="2">rdacarrier</subfield></datafield><datafield ind1="0" ind2=" " tag="490"><subfield code="a">L'Encyclopédie de la chanson française</subfield></datafield><datafield ind1="0" ind2=" " tag="505"><subfield code="a">1. Les Elucubrations d'Antoine (Antoine) 2. Enfants de tous pays (Enrico Macias) 3. Elisa (Serge Gainsbourg) 4. Education sentimentale (Maxime le Forestier) 5. Et maintenant (Gilbert Bécaud) 6. L'été indien (Joe Dassin) 7. Et mon père (Nicolas Peyrac) 8. Elle est d'ailleurs (Pierre Bachelet) 9. Elsa (Didier Barbelivien) 10. Elle danse Marie (François Valéry) 11. Et tu danses avec lui (C. Jérôme) 12. En rouge et en noir (Jeanne Mas) 13. Eve lève-toi (Julie Piétri) 14. En cloque (Renaud) 15. Ex-fan des sixties (Jane Birkin) 16. Et un jour une femme (Florent Pagny) 17. L'envie d'aimer (Daniel Levi)</subfield></datafield><datafield ind1=" " ind2=" " tag="900"><subfield code="a">REROnoselfmerge</subfield></datafield></record>
</metadata></record>