<record><header><identifier>oai:alma.41SLSP_UGE:991000096179705502</identifier><datestamp>2023-05-10T00:21:35Z</datestamp><setSpec>uge_bcen_RapidILL_BOOK</setSpec><setSpec>uge_aaca_RapidILL_BOOK</setSpec><setSpec>uge_abels_RapidILL_BOOK</setSpec><setSpec>uge_dbu_RapidILL_BOOK</setSpec><setSpec>uge_cmu_RapidILL_BOOK</setSpec><setSpec>uge_mail_RapidILL_BOOK</setSpec><setSpec>uge_abbat_RapidILL_BOOK</setSpec><setSpec>UNIGE_ALL</setSpec><setSpec>uge_acar_RapidILL_BOOK</setSpec><setSpec>uge_aobs_RapidILL_BOOK</setSpec></header><metadata>
<record xmlns="http://www.loc.gov/MARC21/slim" xmlns:xsi="http://www.w3.org/2001/XMLSchema-instance" xsi:schemaLocation="http://www.loc.gov/MARC21/slim http://www.loc.gov/standards/marcxml/schema/MARC21slim.xsd"><leader>01159nam a2200301 c 4500</leader><controlfield tag="001">991000096179705502</controlfield><controlfield tag="005">20230509163223.0</controlfield><controlfield tag="008">020618s2001    fr ||||| |||| 00| ||fre d</controlfield><datafield ind1=" " ind2=" " tag="020"><subfield code="a">0004336224</subfield><subfield code="q">Harper</subfield></datafield><datafield ind1=" " ind2=" " tag="020"><subfield code="a">2850364622</subfield><subfield code="q">Robert</subfield></datafield><datafield ind1=" " ind2=" " tag="035"><subfield code="a">(swissbib)097916536-41slsp_network</subfield></datafield><datafield ind1=" " ind2=" " tag="035"><subfield code="a">097916536</subfield><subfield code="9">ExL</subfield></datafield><datafield ind1=" " ind2=" " tag="035"><subfield code="a">(RERO)R003205132-41slsp</subfield></datafield><datafield ind1=" " ind2=" " tag="035"><subfield code="a">(EXLNZ-41SLSP_NETWORK)991000553049705501</subfield></datafield><datafield ind1=" " ind2=" " tag="040"><subfield code="a">RERO geueti</subfield><subfield code="d">CH-ZuSLS</subfield></datafield><datafield ind1="0" ind2=" " tag="041"><subfield code="a">eng</subfield><subfield code="a">fre</subfield></datafield><datafield ind1=" " ind2="7" tag="072"><subfield code="a">ge</subfield><subfield code="2">rero</subfield></datafield><datafield ind1="0" ind2="0" tag="245"><subfield code="a">&lt;&lt;Le&gt;&gt; Robert &amp; Collins poche</subfield><subfield code="b">dictionnaire français-anglais, anglais-français = Collins &amp; [and] Robert paperback : French-English, English-French dictionary</subfield><subfield code="c">by Beryl T. Atkins... et [al.]</subfield></datafield><datafield ind1="1" ind2=" " tag="246"><subfield code="a">Collins &amp; [and] Robert paperback</subfield></datafield><datafield ind1=" " ind2=" " tag="250"><subfield code="a">2nd ed., [repr. 2001]</subfield></datafield><datafield ind1=" " ind2="1" tag="264"><subfield code="a">Glasgow [etc.]</subfield><subfield code="b">Harper Collins</subfield><subfield code="a">Paris</subfield><subfield code="b">Dictionnaires Le Robert</subfield><subfield code="c">2001</subfield></datafield><datafield ind1=" " ind2=" " tag="300"><subfield code="a">416, 34 p.</subfield><subfield code="c">18 cm</subfield></datafield><datafield ind1=" " ind2=" " tag="336"><subfield code="b">txt</subfield><subfield code="2">rdacontent</subfield></datafield><datafield ind1=" " ind2=" " tag="337"><subfield code="b">n</subfield><subfield code="2">rdamedia</subfield></datafield><datafield ind1=" " ind2=" " tag="338"><subfield code="b">nc</subfield><subfield code="2">rdacarrier</subfield></datafield><datafield ind1=" " ind2="7" tag="650"><subfield code="a">Anglais (langue)</subfield><subfield code="0">(IDREF)027219232</subfield><subfield code="2">idref</subfield></datafield><datafield ind1=" " ind2="7" tag="650"><subfield code="a">Français (langue)</subfield><subfield code="0">(IDREF)027276635</subfield><subfield code="2">idref</subfield></datafield><datafield ind1=" " ind2="7" tag="655"><subfield code="a">Dictionnaires</subfield><subfield code="0">(IDREF)027232050</subfield><subfield code="2">idref</subfield></datafield><datafield ind1="1" ind2=" " tag="700"><subfield code="a">Atkins, Beryl T.</subfield><subfield code="d">1930-....</subfield><subfield code="0">(IDREF)085837342</subfield></datafield></record>
</metadata></record>