<record><header><identifier>oai:alma.41SLSP_UGE:991000815539705502</identifier><datestamp>2023-06-20T00:21:10Z</datestamp><setSpec>uge_bcen_RapidILL_BOOK</setSpec><setSpec>uge_aaca_RapidILL_BOOK</setSpec><setSpec>uge_abels_RapidILL_BOOK</setSpec><setSpec>uge_dbu_RapidILL_BOOK</setSpec><setSpec>uge_cmu_RapidILL_BOOK</setSpec><setSpec>uge_mail_RapidILL_BOOK</setSpec><setSpec>uge_abbat_RapidILL_BOOK</setSpec><setSpec>UNIGE_ALL</setSpec><setSpec>uge_aobs_RapidILL_BOOK</setSpec><setSpec>uge_acar_RapidILL_BOOK</setSpec></header><metadata>
<record xmlns="http://www.loc.gov/MARC21/slim" xmlns:xsi="http://www.w3.org/2001/XMLSchema-instance" xsi:schemaLocation="http://www.loc.gov/MARC21/slim http://www.loc.gov/standards/marcxml/schema/MARC21slim.xsd"><leader>06938nam a2201057 c 4500</leader><controlfield tag="001">991000815539705502</controlfield><controlfield tag="005">20230619203536.0</controlfield><controlfield tag="008">201011s2015    xx       |||| 000 0 eng|d</controlfield><datafield ind1=" " ind2=" " tag="020"><subfield code="z">9780773597402</subfield><subfield code="q">pdf</subfield></datafield><datafield ind1=" " ind2=" " tag="020"><subfield code="z">9780773597419</subfield><subfield code="q">epub</subfield></datafield><datafield ind1=" " ind2=" " tag="020"><subfield code="a">9780773545762</subfield><subfield code="q">bound</subfield></datafield><datafield ind1=" " ind2=" " tag="020"><subfield code="a">9780773546394</subfield><subfield code="q">paperback</subfield></datafield><datafield ind1=" " ind2=" " tag="020"><subfield code="a">077354576X</subfield><subfield code="q">bound</subfield></datafield><datafield ind1=" " ind2=" " tag="020"><subfield code="a">0773546391</subfield><subfield code="q">paperback</subfield></datafield><datafield ind1=" " ind2=" " tag="035"><subfield code="a">(swissbib)231531222-41slsp_network</subfield></datafield><datafield ind1=" " ind2=" " tag="035"><subfield code="a">231531222</subfield><subfield code="9">ExL</subfield></datafield><datafield ind1=" " ind2=" " tag="035"><subfield code="a">(NEBIS)010617566EBI01</subfield></datafield><datafield ind1=" " ind2=" " tag="035"><subfield code="a">(IDSBB)006780323DSV01</subfield></datafield><datafield ind1=" " ind2=" " tag="035"><subfield code="a">(RERO)R008252249-41slsp</subfield></datafield><datafield ind1=" " ind2=" " tag="035"><subfield code="a">(OCoLC)930621201</subfield></datafield><datafield ind1=" " ind2=" " tag="035"><subfield code="a">(DE-604)BV042942848</subfield></datafield><datafield ind1=" " ind2=" " tag="035"><subfield code="a">(EXLNZ-41SLSP_NETWORK)991057618879705501</subfield></datafield><datafield ind1=" " ind2=" " tag="040"><subfield code="a">DEBBG</subfield><subfield code="b">ger</subfield><subfield code="e">rda</subfield><subfield code="d">CH-ZuSLS</subfield></datafield><datafield ind1="0" ind2="0" tag="060"><subfield code="a">2016 B-436</subfield></datafield><datafield ind1="1" ind2="0" tag="060"><subfield code="a">WZ 330</subfield></datafield><datafield ind1="0" ind2="0" tag="060"><subfield code="a">2016 B-436</subfield></datafield><datafield ind1="1" ind2="0" tag="060"><subfield code="a">WZ 330</subfield></datafield><datafield ind1=" " ind2="7" tag="072"><subfield code="a">ht</subfield><subfield code="2">rero</subfield></datafield><datafield ind1=" " ind2="7" tag="072"><subfield code="a">me</subfield><subfield code="2">rero</subfield></datafield><datafield ind1="0" ind2="4" tag="082"><subfield code="a">610.9409/033</subfield><subfield code="2">23</subfield></datafield><datafield ind1="0" ind2="4" tag="082"><subfield code="a">306.09</subfield><subfield code="2">22/ger</subfield></datafield><datafield ind1="0" ind2="4" tag="082"><subfield code="a">610.9</subfield><subfield code="2">22/ger</subfield></datafield><datafield ind1=" " ind2=" " tag="084"><subfield code="a">8,1</subfield><subfield code="2">ssgn</subfield></datafield><datafield ind1="1" ind2=" " tag="100"><subfield code="a">Boon, Sonja</subfield><subfield code="d">1969-</subfield><subfield code="0">(DE-588)1078987319</subfield><subfield code="4">aut</subfield><subfield code="6">880-01</subfield></datafield><datafield ind1="1" ind2=" " tag="880"><subfield code="a">Boon, Sonja</subfield><subfield code="0">(RERO)A018485019</subfield><subfield code="4">cre</subfield><subfield code="6">100-01</subfield></datafield><datafield ind1="1" ind2="0" tag="245"><subfield code="a">Telling the flesh</subfield><subfield code="b">life writing, citizenship, and the body in the letters to Samuel Auguste Tissot</subfield><subfield code="c">Sonja Boon</subfield></datafield><datafield ind1=" " ind2="1" tag="264"><subfield code="a">Montreal</subfield><subfield code="b">McGill-Queen's University Press</subfield><subfield code="c">2015</subfield></datafield><datafield ind1=" " ind2=" " tag="300"><subfield code="a">xii, 324 Seiten</subfield></datafield><datafield ind1=" " ind2=" " tag="336"><subfield code="b">txt</subfield><subfield code="2">rdacontent</subfield></datafield><datafield ind1=" " ind2=" " tag="337"><subfield code="b">n</subfield><subfield code="2">rdamedia</subfield></datafield><datafield ind1=" " ind2=" " tag="338"><subfield code="b">nc</subfield><subfield code="2">rdacarrier</subfield></datafield><datafield ind1="1" ind2=" " tag="490"><subfield code="a">McGill-Queen's/Associated Medical Services studies in the history of medicine, health, and society</subfield><subfield code="v">44</subfield></datafield><datafield ind1=" " ind2=" " tag="504"><subfield code="a">Includes bibliographical references and index</subfield></datafield><datafield ind1="0" ind2=" " tag="505"><subfield code="a">[Contents] Introduction: Bodies and Stories - Chapter 1 : Body Logics: Letters and Lives - Chapter 2: Textual Bodies/Textual Selves: Illness, Identity, and Bodily Subjectivity - Chapter 3: Corporeal Virtue and Embodied Citizenship - Chapter 4: Constitutionally Autobiographical: Performing Kinship - Chapter 5: Bodily Agency and the Politics of Pleasure - Chapter 6: Neurographia: Writing Nervous Disorder - Epilogue: The Limits of Storytelling</subfield></datafield><datafield ind1="8" ind2=" " tag="520"><subfield code="a">&quot;This book is about the stories our bodies tell, the stories we tell about our bodies and the ways that we integrate such stories into broader political narratives about citizenship and belonging. The stories under examination are those of the individuals who wrote letters describing their bodily sufferings to Swiss physician Samuel Auguste Tissot (1728-1797), the most famous doctor in Enlightenment Europe. Consultation by correspondence enabled individuals in far-flung places to maintain contact with leading physicians and was a mainstay of the eighteenth-century medical encounter. And it did something more: it gave individuals the opportunity to conceive their psychic and somatic sufferings in textual form. Through the process of writing letters describing their ailments, the authors of these letters created textual selves, articulating bodily autobiographies and identities shaped by bodily experience. The letters to Samuel Tissot are thus not only articulations of bodily suffering, but are articulations of bodily selves. Experienced within the social, cultural and political contexts of mid-eighteenth-century Europe, they tell us how individuals understood their bodily selves in relation to broader political discourses of belonging and citizenship. What people did with their bodies mattered in a political environment beset by concerns about depopulation, moral depravity, and corporeal excess, and organized around intricate rules of propriety. For many Enlightenment thinkers, the body functioned as a vital stage for the performance of virtue. Embodied virtue (ie. virtue enacted through bodily actions and behaviours), created the conditions of what Boon terms &quot;corporeal citizenship.&quot;&quot;-- Provided by publisher</subfield></datafield><datafield ind1="1" ind2="7" tag="600"><subfield code="a">Tissot, Samuel Auguste André David</subfield><subfield code="d">1728-1797</subfield><subfield code="0">(DE-588)119073773</subfield><subfield code="2">gnd</subfield></datafield><datafield ind1="1" ind2="4" tag="600"><subfield code="a">Tissot, S. A. D. / (Samuel Auguste David) / 1728-1797</subfield></datafield><datafield ind1="1" ind2="0" tag="600"><subfield code="a">Tissot, S. A. D</subfield><subfield code="q">Samuel Auguste David</subfield><subfield code="d">1728-1797</subfield></datafield><datafield ind1="1" ind2="2" tag="600"><subfield code="a">Tissot, S. A. D</subfield><subfield code="q">Samuel Auguste David</subfield><subfield code="d">1728-1797</subfield></datafield><datafield ind1="1" ind2="0" tag="600"><subfield code="a">Tissot, S. A. D.</subfield><subfield code="q">(Samuel Auguste David)</subfield><subfield code="d">1728-1797</subfield></datafield><datafield ind1="1" ind2="7" tag="600"><subfield code="a">Tissot, Samuel Auguste André David</subfield><subfield code="d">1728-1797</subfield><subfield code="0">(IDREF)027894134</subfield><subfield code="2">idref</subfield></datafield><datafield ind1=" " ind2="7" tag="648"><subfield code="a">Geschichte 1770-1790</subfield><subfield code="2">gnd</subfield></datafield><datafield ind1=" " ind2="7" tag="650"><subfield code="a">Alltagsbewusstsein</subfield><subfield code="0">(DE-588)4208248-1</subfield><subfield code="2">gnd</subfield></datafield><datafield ind1=" " ind2="7" tag="650"><subfield code="a">Arzt</subfield><subfield code="0">(DE-588)4003157-3</subfield><subfield code="2">gnd</subfield></datafield><datafield ind1=" " ind2="7" tag="650"><subfield code="a">Brief</subfield><subfield code="0">(DE-588)4008240-4</subfield><subfield code="2">gnd</subfield></datafield><datafield ind1=" " ind2="7" tag="650"><subfield code="a">Körpererfahrung</subfield><subfield code="0">(DE-588)4120582-0</subfield><subfield code="2">gnd</subfield></datafield><datafield ind1=" " ind2="7" tag="650"><subfield code="a">Krankheitsverhalten</subfield><subfield code="0">(DE-588)4032850-8</subfield><subfield code="2">gnd</subfield></datafield><datafield ind1=" " ind2="7" tag="650"><subfield code="a">Patient</subfield><subfield code="0">(DE-588)4044903-8</subfield><subfield code="2">gnd</subfield></datafield><datafield ind1=" " ind2="4" tag="650"><subfield code="a">Citizenship / Political aspects / Europe / History / 18th century</subfield></datafield><datafield ind1=" " ind2="4" tag="650"><subfield code="a">Human body / Europe / Politicals aspects / History / 18th century</subfield></datafield><datafield ind1=" " ind2="4" tag="650"><subfield code="a">Human body / Social aspects / Europe / History / 18th century</subfield></datafield><datafield ind1=" " ind2="4" tag="650"><subfield code="a">Medicine / Europe / History / 18th century</subfield></datafield><datafield ind1=" " ind2="4" tag="650"><subfield code="a">Patients' writings / History and criticism</subfield></datafield><datafield ind1=" " ind2="4" tag="650"><subfield code="a">Physician and patient / Europe / History / 18th century</subfield></datafield><datafield ind1=" " ind2="4" tag="650"><subfield code="a">Sick / Europe / Psychology / History / 18th century</subfield></datafield><datafield ind1=" " ind2="0" tag="650"><subfield code="a">Citizenship</subfield><subfield code="x">Political aspects</subfield><subfield code="z">Europe</subfield><subfield code="x">History</subfield><subfield code="y">18th century</subfield></datafield><datafield ind1=" " ind2="0" tag="650"><subfield code="a">Citizenship</subfield><subfield code="z">Europe</subfield><subfield code="x">History</subfield><subfield code="y">18th century</subfield></datafield><datafield ind1=" " ind2="0" tag="650"><subfield code="a">Human body</subfield><subfield code="x">Political aspects</subfield><subfield code="z">Europe</subfield><subfield code="x">History</subfield><subfield code="y">18th century</subfield></datafield><datafield ind1=" " ind2="0" tag="650"><subfield code="a">Human body</subfield><subfield code="x">Social aspects</subfield><subfield code="z">Europe</subfield><subfield code="x">History</subfield><subfield code="y">18th century</subfield></datafield><datafield ind1=" " ind2="0" tag="650"><subfield code="a">Medicine</subfield><subfield code="z">Europe</subfield><subfield code="x">History</subfield><subfield code="y">18th century</subfield></datafield><datafield ind1=" " ind2="0" tag="650"><subfield code="a">Patients' writings</subfield><subfield code="x">History and criticism</subfield></datafield><datafield ind1=" " ind2="0" tag="650"><subfield code="a">Physician and patient</subfield><subfield code="z">Europe</subfield><subfield code="x">History</subfield><subfield code="y">18th century</subfield></datafield><datafield ind1=" " ind2="0" tag="650"><subfield code="a">Sick</subfield><subfield code="x">Psychology</subfield><subfield code="x">History</subfield><subfield code="y">18th century</subfield></datafield><datafield ind1=" " ind2="0" tag="650"><subfield code="a">Sick</subfield><subfield code="z">Europe</subfield><subfield code="x">Psychology</subfield><subfield code="x">History</subfield><subfield code="y">18th century</subfield></datafield><datafield ind1=" " ind2="2" tag="650"><subfield code="a">Medicine in Literature</subfield><subfield code="0">(DNLM)D008513</subfield></datafield><datafield ind1=" " ind2="2" tag="650"><subfield code="a">History, 18th Century</subfield><subfield code="0">(DNLM)D049671</subfield></datafield><datafield ind1=" " ind2="2" tag="650"><subfield code="a">Human Body</subfield><subfield code="0">(DNLM)D018594</subfield></datafield><datafield ind1=" " ind2="2" tag="650"><subfield code="a">Physician-Patient Relations</subfield><subfield code="0">(DNLM)D010817</subfield></datafield><datafield ind1=" " ind2="2" tag="650"><subfield code="a">Stress, Psychological</subfield><subfield code="0">(DNLM)D013315</subfield></datafield><datafield ind1=" " ind2="0" tag="650"><subfield code="a">Human body</subfield><subfield code="z">Europe</subfield><subfield code="x">Politicals aspects</subfield><subfield code="x">History</subfield><subfield code="y">18th century</subfield></datafield><datafield ind1=" " ind2="7" tag="650"><subfield code="a">Patients</subfield><subfield code="0">(IDREF)031043429</subfield><subfield code="2">idref</subfield></datafield><datafield ind1=" " ind2="7" tag="650"><subfield code="a">Correspondance</subfield><subfield code="0">(IDREF)027490122</subfield><subfield code="2">idref</subfield></datafield><datafield ind1=" " ind2="7" tag="650"><subfield code="a">Consultation médicale</subfield><subfield code="0">(IDREF)027820645</subfield><subfield code="2">idref</subfield></datafield><datafield ind1=" " ind2="7" tag="650"><subfield code="a">Corps humain</subfield><subfield code="0">(IDREF)027230996</subfield><subfield code="2">idref</subfield></datafield><datafield ind1=" " ind2="7" tag="651"><subfield code="a">Schweiz</subfield><subfield code="0">(DE-588)4053881-3</subfield><subfield code="2">gnd</subfield></datafield><datafield ind1=" " ind2="2" tag="651"><subfield code="a">Europe</subfield><subfield code="0">(DNLM)D005060</subfield></datafield><datafield ind1=" " ind2="2" tag="655"><subfield code="a">Collected Correspondence</subfield><subfield code="0">(DNLM)D020505</subfield></datafield><datafield ind1="4" ind2=" " tag="856"><subfield code="3">Titelblatt und Inhaltsverzeichnis</subfield><subfield code="u">https://toc.library.ethz.ch/objects/pdf03/z01_978-0-7735-4576-2_01.pdf</subfield><subfield code="q">pdf</subfield></datafield><datafield ind1=" " ind2="0" tag="830"><subfield code="a">McGill-Queen's/Hannah Institute studies in the history of medicine, health, and society</subfield><subfield code="v">44</subfield><subfield code="w">(NEBIS)004221935EBI01</subfield></datafield><datafield ind1=" " ind2="0" tag="830"><subfield code="a">McGill-Queen's/Associated Medical Services studies in the history of medicine, health, and society</subfield><subfield code="v">44</subfield><subfield code="w">(RERO)R005740505-41slsp</subfield></datafield><datafield ind1=" " ind2=" " tag="900"><subfield code="a">IDSZ2zbzmon201609f</subfield><subfield code="c">IDSZ2spie</subfield><subfield code="d">IDSZ2zbzswk201611g</subfield><subfield code="e">IDSZ2baie</subfield></datafield><datafield ind1=" " ind2=" " tag="949"><subfield code="a">https://toc.library.ethz.ch/objects/pdf03/z01_978-0-7735-4576-2_01.pdf</subfield></datafield></record>
</metadata></record>