<record><header><identifier>oai:alma.41SLSP_UGE:991000095759705502</identifier><datestamp>2023-03-27T00:22:43Z</datestamp><setSpec>uge_bcen_RapidILL_BOOK</setSpec><setSpec>uge_aaca_RapidILL_BOOK</setSpec><setSpec>uge_abels_RapidILL_BOOK</setSpec><setSpec>uge_dbu_RapidILL_BOOK</setSpec><setSpec>uge_cmu_RapidILL_BOOK</setSpec><setSpec>uge_mail_RapidILL_BOOK</setSpec><setSpec>uge_abbat_RapidILL_BOOK</setSpec><setSpec>UNIGE_ALL</setSpec><setSpec>uge_acar_RapidILL_BOOK</setSpec><setSpec>uge_aobs_RapidILL_BOOK</setSpec></header><metadata>
<record xmlns="http://www.loc.gov/MARC21/slim" xmlns:xsi="http://www.w3.org/2001/XMLSchema-instance" xsi:schemaLocation="http://www.loc.gov/MARC21/slim http://www.loc.gov/standards/marcxml/schema/MARC21slim.xsd"><leader>01006nam a2200301 c 4500</leader><controlfield tag="001">991000095759705502</controlfield><controlfield tag="005">20230325154749.0</controlfield><controlfield tag="008">951201s1985    xxu||||| |||| 00| ||eng d</controlfield><datafield ind1=" " ind2=" " tag="020"><subfield code="a">0847673340</subfield><subfield code="q">pbk.</subfield></datafield><datafield ind1=" " ind2=" " tag="035"><subfield code="a">(swissbib)090648390-41slsp_network</subfield></datafield><datafield ind1=" " ind2=" " tag="035"><subfield code="a">090648390</subfield><subfield code="9">ExL</subfield></datafield><datafield ind1=" " ind2=" " tag="035"><subfield code="a">(RERO)2117711-41slsp</subfield></datafield><datafield ind1=" " ind2=" " tag="035"><subfield code="a">(EXLNZ-41SLSP_NETWORK)991037818449705501</subfield></datafield><datafield ind1=" " ind2=" " tag="040"><subfield code="a">RERO geuhim</subfield><subfield code="d">CH-ZuSLS</subfield></datafield><datafield ind1=" " ind2="7" tag="072"><subfield code="a">so</subfield><subfield code="2">rero</subfield></datafield><datafield ind1="1" ind2=" " tag="100"><subfield code="a">Warren, Mary Anne</subfield><subfield code="d">1946-2010</subfield><subfield code="0">(IDREF)157804143</subfield><subfield code="4">cre</subfield></datafield><datafield ind1="1" ind2="0" tag="245"><subfield code="a">Gendercide</subfield><subfield code="b">the implications of sex selection</subfield><subfield code="c">Mary Anne Warren</subfield></datafield><datafield ind1=" " ind2="1" tag="264"><subfield code="a">Totowa NJ</subfield><subfield code="b">Rowman &amp; Allansheld</subfield><subfield code="c">1985</subfield></datafield><datafield ind1=" " ind2=" " tag="300"><subfield code="a">VIII, 209 p.</subfield><subfield code="c">21 cm</subfield></datafield><datafield ind1=" " ind2=" " tag="336"><subfield code="b">txt</subfield><subfield code="2">rdacontent</subfield></datafield><datafield ind1=" " ind2=" " tag="337"><subfield code="b">n</subfield><subfield code="2">rdamedia</subfield></datafield><datafield ind1=" " ind2=" " tag="338"><subfield code="b">nc</subfield><subfield code="2">rdacarrier</subfield></datafield><datafield ind1="1" ind2=" " tag="490"><subfield code="a">New feminist perspectives</subfield></datafield><datafield ind1=" " ind2="2" tag="650"><subfield code="a">Eugenics</subfield></datafield><datafield ind1=" " ind2="2" tag="650"><subfield code="a">Sex Differentiation</subfield></datafield><datafield ind1=" " ind2="7" tag="650"><subfield code="a">Eugénisme</subfield><subfield code="0">(IDREF)027423387</subfield><subfield code="2">idref</subfield></datafield><datafield ind1=" " ind2="7" tag="650"><subfield code="a">sexe (genre) - détermination</subfield><subfield code="0">(RERO)A010073388</subfield><subfield code="2">rerovoc</subfield></datafield><datafield ind1=" " ind2="0" tag="830"><subfield code="a">New feminist perspectives</subfield><subfield code="w">(RERO)2121024-41slsp</subfield></datafield><datafield ind1=" " ind2=" " tag="900"><subfield code="a">REROnoselfmerge</subfield></datafield></record>
</metadata></record>