<record><header><identifier>oai:alma.41SLSP_UGE:991000096289705502</identifier><datestamp>2023-03-01T01:10:27Z</datestamp><setSpec>uge_bcen_RapidILL_BOOK</setSpec><setSpec>uge_aaca_RapidILL_BOOK</setSpec><setSpec>uge_abels_RapidILL_BOOK</setSpec><setSpec>uge_dbu_RapidILL_BOOK</setSpec><setSpec>uge_cmu_RapidILL_BOOK</setSpec><setSpec>uge_mail_RapidILL_BOOK</setSpec><setSpec>uge_abbat_RapidILL_BOOK</setSpec><setSpec>UNIGE_ALL</setSpec><setSpec>uge_acar_RapidILL_BOOK</setSpec><setSpec>uge_aobs_RapidILL_BOOK</setSpec></header><metadata>
<record xmlns="http://www.loc.gov/MARC21/slim" xmlns:xsi="http://www.w3.org/2001/XMLSchema-instance" xsi:schemaLocation="http://www.loc.gov/MARC21/slim http://www.loc.gov/standards/marcxml/schema/MARC21slim.xsd"><leader>01648nam a2200481 c 4500</leader><controlfield tag="001">991000096289705502</controlfield><controlfield tag="005">20230227202908.0</controlfield><controlfield tag="008">201011s1915    gw ||||| |||| 00| ||ger d</controlfield><datafield ind1=" " ind2=" " tag="035"><subfield code="a">(swissbib)214242269-41slsp_network</subfield></datafield><datafield ind1=" " ind2=" " tag="035"><subfield code="a">214242269</subfield><subfield code="9">ExL</subfield></datafield><datafield ind1=" " ind2=" " tag="035"><subfield code="a">(RERO)1732093-41slsp</subfield></datafield><datafield ind1=" " ind2=" " tag="035"><subfield code="a">(IDSBB)003194805DSV01</subfield></datafield><datafield ind1=" " ind2=" " tag="035"><subfield code="a">(NEBIS)006359309EBI01</subfield></datafield><datafield ind1=" " ind2=" " tag="035"><subfield code="a">(EXLNZ-41SLSP_NETWORK)991033454019705501</subfield></datafield><datafield ind1=" " ind2=" " tag="040"><subfield code="a">RERO geuhim</subfield><subfield code="d">CH-ZuSLS</subfield></datafield><datafield ind1=" " ind2=" " tag="050"><subfield code="a">RD27.3.G3</subfield><subfield code="b">.K878 1915</subfield></datafield><datafield ind1=" " ind2="7" tag="072"><subfield code="a">me</subfield><subfield code="2">rero</subfield></datafield><datafield ind1="1" ind2=" " tag="100"><subfield code="a">Küster, Ernst</subfield><subfield code="d">1839-1930</subfield><subfield code="0">(DE-588)116610972</subfield><subfield code="6">880-01</subfield></datafield><datafield ind1="1" ind2=" " tag="880"><subfield code="a">Küster, Ernst</subfield><subfield code="0">(RERO)A003484625</subfield><subfield code="4">cre</subfield><subfield code="6">100-01</subfield></datafield><datafield ind1="1" ind2="0" tag="245"><subfield code="a">Geschichte der neueren deutschen Chirurgie</subfield><subfield code="c">Ernst Küster</subfield></datafield><datafield ind1=" " ind2="1" tag="264"><subfield code="a">Stuttgart</subfield><subfield code="b">Enke</subfield><subfield code="c">1915</subfield></datafield><datafield ind1=" " ind2=" " tag="300"><subfield code="a">XVI, 110 p.</subfield><subfield code="c">25 cm</subfield></datafield><datafield ind1=" " ind2=" " tag="336"><subfield code="b">txt</subfield><subfield code="2">rdacontent</subfield></datafield><datafield ind1=" " ind2=" " tag="337"><subfield code="b">n</subfield><subfield code="2">rdamedia</subfield></datafield><datafield ind1=" " ind2=" " tag="338"><subfield code="b">nc</subfield><subfield code="2">rdacarrier</subfield></datafield><datafield ind1="1" ind2=" " tag="490"><subfield code="a">Neue deutsche Chirurgie</subfield><subfield code="v">Bd 15</subfield></datafield><datafield ind1=" " ind2="7" tag="648"><subfield code="a">Geschichte 1860-1910</subfield><subfield code="2">gnd</subfield></datafield><datafield ind1=" " ind2="2" tag="650"><subfield code="a">Surgery</subfield><subfield code="x">history</subfield></datafield><datafield ind1=" " ind2="7" tag="650"><subfield code="a">Chirurgie</subfield><subfield code="0">(IDREF)027223035</subfield><subfield code="2">idref</subfield></datafield><datafield ind1=" " ind2="7" tag="650"><subfield code="a">1860-1910</subfield><subfield code="2">rero</subfield></datafield><datafield ind1=" " ind2="0" tag="650"><subfield code="a">Surgery</subfield><subfield code="z">Germany</subfield><subfield code="x">History</subfield></datafield><datafield ind1=" " ind2="2" tag="650"><subfield code="a">General Surgery</subfield><subfield code="0">(DNLM)D013502</subfield></datafield><datafield ind1=" " ind2="2" tag="650"><subfield code="a">History</subfield><subfield code="0">(DNLM)D006664</subfield></datafield><datafield ind1=" " ind2="7" tag="650"><subfield code="a">Chirurgie</subfield><subfield code="0">(DE-588)4009987-8</subfield><subfield code="2">gnd</subfield></datafield><datafield ind1=" " ind2="2" tag="651"><subfield code="a">Germany</subfield></datafield><datafield ind1=" " ind2="7" tag="651"><subfield code="a">Allemagne</subfield><subfield code="0">(IDREF)027218856</subfield><subfield code="2">idref</subfield></datafield><datafield ind1=" " ind2="2" tag="651"><subfield code="a">Germany</subfield><subfield code="0">(DNLM)D005858</subfield></datafield><datafield ind1=" " ind2="7" tag="651"><subfield code="a">Deutsches Reich</subfield><subfield code="0">(DE-588)2008993-4</subfield><subfield code="2">gnd</subfield></datafield><datafield ind1=" " ind2="0" tag="830"><subfield code="a">Neue deutsche Chirurgie</subfield><subfield code="v">15</subfield><subfield code="w">(RERO)1660138-41slsp</subfield></datafield><datafield ind1=" " ind2="0" tag="830"><subfield code="a">Neue deutsche Chirurgie</subfield><subfield code="v">15</subfield><subfield code="w">(IDSBB)000681538DSV01</subfield></datafield><datafield ind1=" " ind2=" " tag="900"><subfield code="a">REROnoselfmerge</subfield></datafield><datafield ind1=" " ind2=" " tag="900"><subfield code="a">IDSZRMedeaZBZ</subfield><subfield code="b">IDSZRSWK</subfield></datafield><datafield ind1=" " ind2=" " tag="900"><subfield code="a">IDSZRMedeaZBZ</subfield><subfield code="c">IDSZRmurd</subfield></datafield><datafield ind1=" " ind2=" " tag="900"><subfield code="f">IDSU2medea</subfield></datafield></record>
</metadata></record>