<record><header><identifier>oai:alma.41SLSP_UGE:991000096499705502</identifier><datestamp>2023-03-01T01:10:27Z</datestamp><setSpec>UNIGE_ALL</setSpec></header><metadata>
<record xmlns="http://www.loc.gov/MARC21/slim" xmlns:xsi="http://www.w3.org/2001/XMLSchema-instance" xsi:schemaLocation="http://www.loc.gov/MARC21/slim http://www.loc.gov/standards/marcxml/schema/MARC21slim.xsd"><leader>01473njm a22002897c 4500</leader><controlfield tag="001">991000096499705502</controlfield><controlfield tag="005">20201222195626.0</controlfield><controlfield tag="007">sd b||||||||||</controlfield><controlfield tag="008">110122nuuuuuuuuxx ||n |            ger d</controlfield><datafield ind1="0" ind2="2" tag="028"><subfield code="a">Wergo WER 60095</subfield></datafield><datafield ind1=" " ind2=" " tag="035"><subfield code="a">(swissbib)113545312-41slsp_network</subfield></datafield><datafield ind1=" " ind2=" " tag="035"><subfield code="a">113545312</subfield><subfield code="9">ExL</subfield></datafield><datafield ind1=" " ind2=" " tag="035"><subfield code="a">(RERO)R006019402-41slsp</subfield></datafield><datafield ind1=" " ind2=" " tag="035"><subfield code="a">(EXLNZ-41SLSP_NETWORK)991000996839705501</subfield></datafield><datafield ind1=" " ind2=" " tag="040"><subfield code="a">RERO geulmu</subfield><subfield code="d">CH-ZuSLS</subfield></datafield><datafield ind1="0" ind2=" " tag="041"><subfield code="a">ger</subfield><subfield code="a">eng</subfield><subfield code="a">fre</subfield></datafield><datafield ind1=" " ind2="7" tag="072"><subfield code="a">mu</subfield><subfield code="2">rero</subfield></datafield><datafield ind1="1" ind2=" " tag="100"><subfield code="a">Ligeti, György</subfield><subfield code="d">1923-2006</subfield><subfield code="0">(IDREF)02804052X</subfield><subfield code="4">cre</subfield></datafield><datafield ind1="1" ind2="0" tag="245"><subfield code="a">György Ligeti (1923)</subfield><subfield code="c">György Ligeti</subfield></datafield><datafield ind1=" " ind2=" " tag="300"><subfield code="a">5 disques sonores</subfield><subfield code="b">33 t.</subfield></datafield><datafield ind1=" " ind2=" " tag="336"><subfield code="b">prm</subfield><subfield code="2">rdacontent</subfield></datafield><datafield ind1=" " ind2=" " tag="337"><subfield code="b">s</subfield><subfield code="2">rdamedia</subfield></datafield><datafield ind1=" " ind2=" " tag="338"><subfield code="b">sd</subfield><subfield code="2">rdacarrier</subfield></datafield><datafield ind1=" " ind2=" " tag="500"><subfield code="a">Formation: 2 violons, alto, violoncelle</subfield></datafield><datafield ind1=" " ind2=" " tag="500"><subfield code="a">Streichquartett N° 1 et 2 ; Continuum für cembalo ; Zehn Stücke für Blàserquintett ; Artikulation, elektronishe Komposition ; Glissandi, elektronishe Komposition ; Etüden für Orgel ; Volumina für Orgel ; Kammer konzert für 13 Instrumentalisten ; Ramifications, Version für Streichorchester ; Ramifications, versions für 12 Solostreicher ; Lux aeterna für 16 Stimmigen gemischten Chor a cappella ; Atmosphère für grosses Orchester ohne Schlagzeug ; Konzert für Violoncello und Orches</subfield></datafield><datafield ind1="0" ind2=" " tag="505"><subfield code="a">[Quatuors. Cordes. N° 1. Métamorphoses nocturnes]</subfield></datafield><datafield ind1="2" ind2=" " tag="710"><subfield code="a">Arditti String Quartet</subfield><subfield code="g">Londres</subfield><subfield code="0">(IDREF)084289341</subfield></datafield><datafield ind1=" " ind2=" " tag="900"><subfield code="a">REROnoselfmerge</subfield></datafield><datafield ind1=" " ind2=" " tag="960"><subfield code="2">matmu</subfield><subfield code="a">Hongrie ; XXe ; Contemporain ; Musique de chambre ; Quatuors à cordes</subfield><subfield code="9">LOCAL</subfield></datafield></record>
</metadata></record>