<record><header><identifier>oai:alma.41SLSP_UGE:991000095979705502</identifier><datestamp>2023-03-01T01:10:27Z</datestamp><setSpec>uge_bcen_RapidILL_BOOK</setSpec><setSpec>uge_aaca_RapidILL_BOOK</setSpec><setSpec>uge_abels_RapidILL_BOOK</setSpec><setSpec>uge_dbu_RapidILL_BOOK</setSpec><setSpec>uge_cmu_RapidILL_BOOK</setSpec><setSpec>uge_mail_RapidILL_BOOK</setSpec><setSpec>UNIGE_ALL</setSpec><setSpec>uge_abbat_RapidILL_BOOK</setSpec><setSpec>uge_aobs_RapidILL_BOOK</setSpec><setSpec>uge_acar_RapidILL_BOOK</setSpec></header><metadata>
<record xmlns="http://www.loc.gov/MARC21/slim" xmlns:xsi="http://www.w3.org/2001/XMLSchema-instance" xsi:schemaLocation="http://www.loc.gov/MARC21/slim http://www.loc.gov/standards/marcxml/schema/MARC21slim.xsd"><leader>01063ncm a22003017c 4500</leader><controlfield tag="001">991000095979705502</controlfield><controlfield tag="005">20210207120418.0</controlfield><controlfield tag="008">110122s1997    xxu||l |            eng d</controlfield><datafield ind1=" " ind2=" " tag="035"><subfield code="a">(swissbib)113557809-41slsp_network</subfield></datafield><datafield ind1=" " ind2=" " tag="035"><subfield code="a">113557809</subfield><subfield code="9">ExL</subfield></datafield><datafield ind1=" " ind2=" " tag="035"><subfield code="a">(RERO)R006021075-41slsp</subfield></datafield><datafield ind1=" " ind2=" " tag="035"><subfield code="a">(EXLNZ-41SLSP_NETWORK)991090240299705501</subfield></datafield><datafield ind1=" " ind2=" " tag="040"><subfield code="a">RERO geulmu</subfield><subfield code="d">CH-ZuSLS</subfield></datafield><datafield ind1=" " ind2="7" tag="072"><subfield code="a">mu</subfield><subfield code="2">rero</subfield></datafield><datafield ind1="1" ind2=" " tag="100"><subfield code="a">Martínez, Marianne von</subfield><subfield code="d">1744-1812</subfield><subfield code="0">(IDREF)15990420X</subfield><subfield code="4">cre</subfield></datafield><datafield ind1="1" ind2="0" tag="245"><subfield code="a">Dixit Dominus</subfield><subfield code="c">Marianna von Marines ; edited by Irving Godt</subfield></datafield><datafield ind1=" " ind2="1" tag="264"><subfield code="a">Madison</subfield><subfield code="b">A-R</subfield><subfield code="c">[1997]</subfield></datafield><datafield ind1=" " ind2="4" tag="264"><subfield code="c">© 1997</subfield></datafield><datafield ind1=" " ind2=" " tag="300"><subfield code="a">1 partition (XII, 93 p.)</subfield></datafield><datafield ind1=" " ind2=" " tag="336"><subfield code="b">ntm</subfield><subfield code="2">rdacontent</subfield></datafield><datafield ind1=" " ind2=" " tag="337"><subfield code="b">n</subfield><subfield code="2">rdamedia</subfield></datafield><datafield ind1=" " ind2=" " tag="338"><subfield code="b">nc</subfield><subfield code="2">rdacarrier</subfield></datafield><datafield ind1="1" ind2=" " tag="490"><subfield code="a">Recent researches in the music of the Classical era</subfield><subfield code="v">38</subfield></datafield><datafield ind1=" " ind2=" " tag="500"><subfield code="a">Formation: choeur, orchestre symphonique</subfield></datafield><datafield ind1=" " ind2=" " tag="500"><subfield code="a">Langue(s) chantée(s) : latin</subfield></datafield><datafield ind1="0" ind2=" " tag="505"><subfield code="a">[Psaumes. Dixit Dominus. Choeur, orchestre]</subfield></datafield><datafield ind1="1" ind2=" " tag="700"><subfield code="a">Godt, Irving</subfield><subfield code="d">1923-2006</subfield><subfield code="0">(IDREF)174571259</subfield></datafield><datafield ind1=" " ind2="0" tag="830"><subfield code="a">Recent researches in the music of the classical era</subfield><subfield code="v">48</subfield><subfield code="w">(RERO)R003419363-41slsp</subfield></datafield><datafield ind1=" " ind2=" " tag="900"><subfield code="a">REROnoselfmerge</subfield></datafield><datafield ind1=" " ind2=" " tag="960"><subfield code="2">matmu</subfield><subfield code="a">Italie ; XVIIIe ; Classicisme ; psaumes ; choeur, orchestre</subfield><subfield code="9">LOCAL</subfield></datafield></record>
</metadata></record>