<record><header><identifier>oai:alma.41SLSP_UGE:991000095869705502</identifier><datestamp>2023-03-04T01:28:38Z</datestamp><setSpec>uge_cmu_RapidILL_JOURNAL</setSpec><setSpec>uge_aobs_RapidILL_JOURNAL</setSpec><setSpec>uge_aaca_RapidILL_JOURNAL</setSpec><setSpec>uge_bcen_RapidILL_JOURNAL</setSpec><setSpec>uge_abbat_RapidILL_JOURNAL</setSpec><setSpec>uge_mail_RapidILL_JOURNAL</setSpec><setSpec>uge_dbu_RapidILL_JOURNAL</setSpec><setSpec>uge_abels_RapidILL_JOURNAL</setSpec><setSpec>UNIGE_ALL</setSpec><setSpec>uge_acar_RapidILL_JOURNAL</setSpec></header><metadata>
<record xmlns="http://www.loc.gov/MARC21/slim" xmlns:xsi="http://www.w3.org/2001/XMLSchema-instance" xsi:schemaLocation="http://www.loc.gov/MARC21/slim http://www.loc.gov/standards/marcxml/schema/MARC21slim.xsd"><leader>01529nas a2200361 c 4500</leader><controlfield tag="001">991000095869705502</controlfield><controlfield tag="005">20230303212627.0</controlfield><controlfield tag="008">201011c19429999fr || p|  ||| 0    0fre d</controlfield><datafield ind1=" " ind2=" " tag="035"><subfield code="a">(swissbib)220290334-41slsp_network</subfield></datafield><datafield ind1=" " ind2=" " tag="035"><subfield code="a">220290334</subfield><subfield code="9">ExL</subfield></datafield><datafield ind1=" " ind2=" " tag="035"><subfield code="a">(RERO)0540851-41slsp</subfield></datafield><datafield ind1=" " ind2=" " tag="035"><subfield code="a">(NEBIS)009619843EBI01</subfield></datafield><datafield ind1=" " ind2=" " tag="035"><subfield code="a">(EXLNZ-41SLSP_NETWORK)991085822699705501</subfield></datafield><datafield ind1=" " ind2=" " tag="040"><subfield code="a">RERO</subfield><subfield code="d">CH-ZuSLS</subfield></datafield><datafield ind1=" " ind2="7" tag="072"><subfield code="a">gr</subfield><subfield code="2">rero</subfield></datafield><datafield ind1=" " ind2="7" tag="072"><subfield code="a">la</subfield><subfield code="2">rero</subfield></datafield><datafield ind1="0" ind2="0" tag="245"><subfield code="a">Lettres d'humanité</subfield><subfield code="c">Association Guillaume Budé</subfield></datafield><datafield ind1=" " ind2="1" tag="264"><subfield code="a">Paris</subfield><subfield code="b">Société d'édition &quot;Les Belles Lettres&quot;</subfield><subfield code="c">1942-&gt;</subfield></datafield><datafield ind1=" " ind2=" " tag="300"><subfield code="c">21 cm</subfield></datafield><datafield ind1=" " ind2=" " tag="336"><subfield code="b">txt</subfield><subfield code="2">rdacontent</subfield></datafield><datafield ind1=" " ind2=" " tag="337"><subfield code="b">n</subfield><subfield code="2">rdamedia</subfield></datafield><datafield ind1=" " ind2=" " tag="338"><subfield code="b">nc</subfield><subfield code="2">rdacarrier</subfield></datafield><datafield ind1="0" ind2=" " tag="362"><subfield code="a">Tome 1 (1942)-</subfield></datafield><datafield ind1=" " ind2=" " tag="500"><subfield code="a">Le tome 9 (1950) est identique au numéro 9 (mars 1950) de la nouvelle série commencée en 1946 du &quot;Bulletin de l'Association Guillaume Budé&quot;</subfield></datafield><datafield ind1=" " ind2=" " tag="500"><subfield code="a">Dès le tome 10 (1951) constitue le no 4 de chaque volume de : Bulletin de l'Association Guillaume Budé</subfield></datafield><datafield ind1=" " ind2=" " tag="580"><subfield code="a">Dès le tome 10(1951) constitue le no 4 de chaque volume de : Bulletin de l'Association Guillaume Budé</subfield></datafield><datafield ind1=" " ind2="7" tag="650"><subfield code="a">Antiquité</subfield><subfield code="0">(IDREF)027789888</subfield><subfield code="2">idref</subfield></datafield><datafield ind1=" " ind2="7" tag="650"><subfield code="a">Humanisme</subfield><subfield code="0">(IDREF)027565211</subfield><subfield code="2">idref</subfield></datafield><datafield ind1=" " ind2="7" tag="655"><subfield code="a">Périodiques</subfield><subfield code="0">(IDREF)02724640X</subfield><subfield code="2">idref</subfield></datafield><datafield ind1="2" ind2=" " tag="710"><subfield code="a">Association Guillaume Budé</subfield><subfield code="0">(DE-588)1232-4</subfield></datafield><datafield ind1="2" ind2=" " tag="710"><subfield code="a">Association Guillaume Budé (Paris)</subfield><subfield code="0">(RERO)A000010563</subfield></datafield><datafield ind1="0" ind2=" " tag="777"><subfield code="t">Bulletin de l'Association Guillaume Budé : revue de culture générale</subfield><subfield code="w">(RERO)0055312-41slsp</subfield></datafield><datafield ind1=" " ind2=" " tag="900"><subfield code="a">REROnoselfmerge</subfield></datafield><datafield ind1=" " ind2=" " tag="900"><subfield code="a">NEBISnoselfmerge</subfield></datafield></record>
</metadata></record>