<record><header><identifier>oai:alma.41SLSP_UGE:991000096079705502</identifier><datestamp>2023-03-01T01:10:27Z</datestamp><setSpec>uge_bcen_RapidILL_BOOK</setSpec><setSpec>uge_aaca_RapidILL_BOOK</setSpec><setSpec>uge_abels_RapidILL_BOOK</setSpec><setSpec>uge_dbu_RapidILL_BOOK</setSpec><setSpec>uge_cmu_RapidILL_BOOK</setSpec><setSpec>uge_mail_RapidILL_BOOK</setSpec><setSpec>UNIGE_ALL</setSpec><setSpec>uge_abbat_RapidILL_BOOK</setSpec><setSpec>uge_aobs_RapidILL_BOOK</setSpec><setSpec>uge_acar_RapidILL_BOOK</setSpec></header><metadata>
<record xmlns="http://www.loc.gov/MARC21/slim" xmlns:xsi="http://www.w3.org/2001/XMLSchema-instance" xsi:schemaLocation="http://www.loc.gov/MARC21/slim http://www.loc.gov/standards/marcxml/schema/MARC21slim.xsd"><leader>02132nam a2200517 c 4500</leader><controlfield tag="001">991000096079705502</controlfield><controlfield tag="005">20230213202148.0</controlfield><controlfield tag="008">201011s1977    gw ||||| |||| 00| ||ger d</controlfield><datafield ind1=" " ind2=" " tag="020"><subfield code="a">3402037602</subfield></datafield><datafield ind1=" " ind2=" " tag="035"><subfield code="a">(swissbib)226207382-41slsp_network</subfield></datafield><datafield ind1=" " ind2=" " tag="035"><subfield code="a">226207382</subfield><subfield code="9">ExL</subfield></datafield><datafield ind1=" " ind2=" " tag="035"><subfield code="a">(RERO)0860313-41slsp</subfield></datafield><datafield ind1=" " ind2=" " tag="035"><subfield code="a">(IDSBB)000440202DSV01</subfield></datafield><datafield ind1=" " ind2=" " tag="035"><subfield code="a">(NEBIS)003196827EBI01</subfield></datafield><datafield ind1=" " ind2=" " tag="035"><subfield code="a">(EXLNZ-41SLSP_NETWORK)991037244609705501</subfield></datafield><datafield ind1=" " ind2=" " tag="040"><subfield code="a">RERO labcud</subfield><subfield code="d">CH-ZuSLS</subfield></datafield><datafield ind1=" " ind2="7" tag="072"><subfield code="a">th</subfield><subfield code="2">rero</subfield></datafield><datafield ind1=" " ind2="7" tag="072"><subfield code="a">ga</subfield><subfield code="2">SzZuIDS BS/BE</subfield></datafield><datafield ind1="0" ind2="4" tag="082"><subfield code="a">262.14081 GRO</subfield></datafield><datafield ind1="1" ind2="4" tag="082"><subfield code="a">900</subfield><subfield code="2">15</subfield></datafield><datafield ind1="1" ind2=" " tag="100"><subfield code="a">Meier, Johannes</subfield><subfield code="d">1948-</subfield><subfield code="0">(DE-588)121029298</subfield><subfield code="6">880-01</subfield></datafield><datafield ind1="1" ind2=" " tag="880"><subfield code="a">Meier, Johannes</subfield><subfield code="0">(RERO)A003580342</subfield><subfield code="4">cre</subfield><subfield code="6">100-01</subfield></datafield><datafield ind1="1" ind2="0" tag="245"><subfield code="a">&lt;&lt;Der&gt;&gt; priesterliche Dienst nach Johannes Gropper (1503-1559)</subfield><subfield code="b">der Beitrag eines deutschen Theologen zur Erneuerung des Priesterbildes im Rahmen eines vortridentinischen Reformkonzeptes für die kirchliche Praxis</subfield><subfield code="c">von Johannes Meier</subfield></datafield><datafield ind1=" " ind2="1" tag="264"><subfield code="a">Münster Westfalen</subfield><subfield code="b">Aschendorffsche Verlagsbuchhandl.</subfield><subfield code="c">1977</subfield></datafield><datafield ind1=" " ind2=" " tag="300"><subfield code="a">374 p.</subfield><subfield code="c">23 cm</subfield></datafield><datafield ind1=" " ind2=" " tag="336"><subfield code="b">txt</subfield><subfield code="2">rdacontent</subfield></datafield><datafield ind1=" " ind2=" " tag="337"><subfield code="b">n</subfield><subfield code="2">rdamedia</subfield></datafield><datafield ind1=" " ind2=" " tag="338"><subfield code="b">nc</subfield><subfield code="2">rdacarrier</subfield></datafield><datafield ind1="1" ind2=" " tag="490"><subfield code="a">Reformationsgeschichtliche Studien und Texte</subfield><subfield code="v">H. 113</subfield></datafield><datafield ind1=" " ind2=" " tag="502"><subfield code="a">Diss. Univ. Würzburg, 1974</subfield></datafield><datafield ind1="1" ind2="7" tag="600"><subfield code="a">Gropper, Johann</subfield><subfield code="d">1503-1559</subfield><subfield code="0">(IDREF)028978609</subfield><subfield code="2">idref</subfield></datafield><datafield ind1="1" ind2="4" tag="600"><subfield code="a">Gropper, Johann</subfield><subfield code="d">1503-1559</subfield></datafield><datafield ind1="1" ind2="7" tag="600"><subfield code="a">Gropper, Johann</subfield><subfield code="d">1503-1559</subfield><subfield code="0">(DE-588)118542451</subfield><subfield code="2">gnd</subfield></datafield><datafield ind1="1" ind2="0" tag="600"><subfield code="a">Gropper, Johannes</subfield><subfield code="d">1503-1559</subfield></datafield><datafield ind1="2" ind2="0" tag="610"><subfield code="a">Catholic Church</subfield><subfield code="x">Clergy</subfield></datafield><datafield ind1=" " ind2="7" tag="650"><subfield code="a">16e siècle</subfield><subfield code="0">(IDREF)027794520</subfield><subfield code="2">idref</subfield></datafield><datafield ind1=" " ind2="7" tag="650"><subfield code="a">Ministère ecclésiastique</subfield><subfield code="0">(IDREF)027293432</subfield><subfield code="2">idref</subfield></datafield><datafield ind1=" " ind2="7" tag="650"><subfield code="a">Kirchenreform</subfield><subfield code="0">(DE-588)4138222-5</subfield><subfield code="2">gnd</subfield></datafield><datafield ind1=" " ind2="7" tag="650"><subfield code="a">Klerus</subfield><subfield code="0">(DE-588)4031147-8</subfield><subfield code="2">gnd</subfield></datafield><datafield ind1=" " ind2="7" tag="650"><subfield code="a">Reformation</subfield><subfield code="0">(DE-588)4048946-2</subfield><subfield code="2">gnd</subfield></datafield><datafield ind1=" " ind2="0" tag="650"><subfield code="a">Priesthood</subfield><subfield code="x">History of doctrines</subfield></datafield><datafield ind1=" " ind2="7" tag="655"><subfield code="a">Hochschulschrift</subfield><subfield code="2">gnd-content</subfield></datafield><datafield ind1=" " ind2=" " tag="690"><subfield code="a">Gropper, Johannes</subfield><subfield code="2">uzb-Z9</subfield></datafield><datafield ind1=" " ind2=" " tag="830"><subfield code="a">Reformationsgeschichtliche Studien und Texte</subfield><subfield code="v">113</subfield><subfield code="w">(RERO)0173345-41slsp</subfield></datafield><datafield ind1=" " ind2=" " tag="830"><subfield code="a">Reformationsgeschichtliche Studien und Texte</subfield><subfield code="v">113</subfield><subfield code="w">(IDSBB)000105116DSV01</subfield></datafield><datafield ind1=" " ind2=" " tag="900"><subfield code="a">REROnoselfmerge</subfield></datafield><datafield ind1=" " ind2=" " tag="900"><subfield code="a">IDSZRMedeaZBZ</subfield></datafield><datafield ind1=" " ind2=" " tag="993"><subfield code="a">MHR Vg 9</subfield><subfield code="x">ge/mhr-/7485</subfield><subfield code="9">LOCAL</subfield></datafield></record>
</metadata></record>