<record><header><identifier>oai:alma.41SLSP_UGE:991000096399705502</identifier><datestamp>2023-07-12T00:18:56Z</datestamp><setSpec>uge_bcen_RapidILL_BOOK</setSpec><setSpec>uge_aaca_RapidILL_BOOK</setSpec><setSpec>uge_abels_RapidILL_BOOK</setSpec><setSpec>uge_dbu_RapidILL_BOOK</setSpec><setSpec>uge_cmu_RapidILL_BOOK</setSpec><setSpec>uge_mail_RapidILL_BOOK</setSpec><setSpec>uge_abbat_RapidILL_BOOK</setSpec><setSpec>UNIGE_ALL</setSpec><setSpec>uge_acar_RapidILL_BOOK</setSpec><setSpec>uge_aobs_RapidILL_BOOK</setSpec></header><metadata>
<record xmlns="http://www.loc.gov/MARC21/slim" xmlns:xsi="http://www.w3.org/2001/XMLSchema-instance" xsi:schemaLocation="http://www.loc.gov/MARC21/slim http://www.loc.gov/standards/marcxml/schema/MARC21slim.xsd"><leader>02782nam a2200649 c 4500</leader><controlfield tag="001">991000096399705502</controlfield><controlfield tag="005">20230711133437.0</controlfield><controlfield tag="008">201012s2000    mx       b    000 0 spa d</controlfield><datafield ind1=" " ind2=" " tag="020"><subfield code="a">9789681659660</subfield></datafield><datafield ind1=" " ind2=" " tag="020"><subfield code="a">968165966X</subfield></datafield><datafield ind1=" " ind2=" " tag="035"><subfield code="a">(swissbib)235801305-41slsp_network</subfield></datafield><datafield ind1=" " ind2=" " tag="035"><subfield code="a">235801305</subfield><subfield code="9">ExL</subfield></datafield><datafield ind1=" " ind2=" " tag="035"><subfield code="a">(RERO)R009087833-41slsp</subfield></datafield><datafield ind1=" " ind2=" " tag="035"><subfield code="a">(NEBIS)004040125EBI01</subfield></datafield><datafield ind1=" " ind2=" " tag="035"><subfield code="a">(IDSBB)003838625DSV01</subfield></datafield><datafield ind1=" " ind2=" " tag="035"><subfield code="a">(EXLNZ-41SLSP_NETWORK)991023000369705501</subfield></datafield><datafield ind1=" " ind2=" " tag="040"><subfield code="a">ZZAND</subfield><subfield code="b">spa</subfield><subfield code="d">CH-ZuSLS</subfield></datafield><datafield ind1=" " ind2="7" tag="072"><subfield code="a">es</subfield><subfield code="2">SzZuIDS BS/BE</subfield></datafield><datafield ind1=" " ind2=" " tag="080"><subfield code="a">82(04)</subfield></datafield><datafield ind1=" " ind2=" " tag="080"><subfield code="a">821.134.2(7/8)-4&quot;19&quot;.09</subfield></datafield><datafield ind1=" " ind2=" " tag="080"><subfield code="a">860(7/8).09&quot;19&quot;</subfield></datafield><datafield ind1=" " ind2=" " tag="080"><subfield code="a">860(81)-4&quot;19&quot;:008(8=60)</subfield></datafield><datafield ind1="0" ind2="4" tag="082"><subfield code="a">860.9/98</subfield><subfield code="2">22</subfield></datafield><datafield ind1="0" ind2="4" tag="082"><subfield code="a">860.9</subfield><subfield code="b">Ch315</subfield><subfield code="2">20</subfield></datafield><datafield ind1="7" ind2="4" tag="082"><subfield code="a">860</subfield><subfield code="2">23sdnb</subfield></datafield><datafield ind1="1" ind2=" " tag="100"><subfield code="a">Chiampi, Irlemar</subfield><subfield code="0">(IDREF)066862477</subfield><subfield code="4">aut</subfield></datafield><datafield ind1="1" ind2="0" tag="245"><subfield code="a">Barroco y modernidad</subfield><subfield code="c">Irlemar Chiampi</subfield></datafield><datafield ind1=" " ind2="1" tag="264"><subfield code="a">México</subfield><subfield code="b">Fondo de Cultura Económica</subfield><subfield code="c">[2000]</subfield></datafield><datafield ind1=" " ind2=" " tag="300"><subfield code="a">227 pages</subfield><subfield code="c">21 cm</subfield></datafield><datafield ind1=" " ind2=" " tag="336"><subfield code="b">txt</subfield><subfield code="2">rdacontent</subfield></datafield><datafield ind1=" " ind2=" " tag="337"><subfield code="b">n</subfield><subfield code="2">rdamedia</subfield></datafield><datafield ind1=" " ind2=" " tag="338"><subfield code="b">nc</subfield><subfield code="2">rdacarrier</subfield></datafield><datafield ind1="0" ind2=" " tag="490"><subfield code="a">Sección de obras de lengua y estudios literarios</subfield></datafield><datafield ind1=" " ind2=" " tag="504"><subfield code="a">Incluye notas bibliográficas</subfield></datafield><datafield ind1="8" ind2=" " tag="520"><subfield code="a">Todo debate sobre la modernidad y su crisis en América Latina que no incluya el barroco resulta parcial e incompleto. El autor sostiene esa tesis mediante la noción del barroco como encrucijada estética y cultural que dio origen a lo moderno y a lo que a partir de ahora llamamos literatura</subfield></datafield><datafield ind1="0" ind2="0" tag="630"><subfield code="a">Colección Austral (1987)</subfield><subfield code="p">Biblioteca de literatura hispanoamericana</subfield></datafield><datafield ind1=" " ind2="7" tag="650"><subfield code="a">Littérature hispano-américaine</subfield><subfield code="0">(IDREF)027459381</subfield><subfield code="2">idref</subfield></datafield><datafield ind1=" " ind2="7" tag="650"><subfield code="a">Baroque littéraire</subfield><subfield code="0">(IDREF)027398773</subfield><subfield code="2">idref</subfield></datafield><datafield ind1=" " ind2="7" tag="650"><subfield code="a">Modernisme (littérature)</subfield><subfield code="0">(IDREF)027400956</subfield><subfield code="2">idref</subfield></datafield><datafield ind1=" " ind2="7" tag="650"><subfield code="a">Barock</subfield><subfield code="2">idszbz</subfield></datafield><datafield ind1=" " ind2="7" tag="650"><subfield code="a">Literatur</subfield><subfield code="2">idszbz</subfield></datafield><datafield ind1=" " ind2="7" tag="650"><subfield code="a">Spanisch</subfield><subfield code="2">idszbz</subfield></datafield><datafield ind1=" " ind2="0" tag="650"><subfield code="a">Baroque literature</subfield><subfield code="x">History and criticism</subfield></datafield><datafield ind1=" " ind2="0" tag="650"><subfield code="a">Modernism (Literature)</subfield><subfield code="z">Latin America</subfield></datafield><datafield ind1=" " ind2="0" tag="650"><subfield code="a">Spanish American fiction</subfield><subfield code="x">History and criticism</subfield></datafield><datafield ind1=" " ind2="0" tag="650"><subfield code="a">Spanish American literature</subfield><subfield code="x">History and criticism</subfield></datafield><datafield ind1=" " ind2="7" tag="650"><subfield code="a">Spanische Literatur</subfield><subfield code="z">Amerika</subfield><subfield code="x">Das Barocke</subfield><subfield code="2">idsbb</subfield></datafield><datafield ind1=" " ind2="7" tag="650"><subfield code="a">Das Barocke</subfield><subfield code="x">Spanische Literatur</subfield><subfield code="z">Amerika</subfield><subfield code="2">idsbb</subfield></datafield><datafield ind1=" " ind2="7" tag="650"><subfield code="a">Spanische Literatur</subfield><subfield code="z">Amerika</subfield><subfield code="y">Geschichte 20. Jh</subfield><subfield code="2">idsbb</subfield></datafield><datafield ind1=" " ind2="7" tag="650"><subfield code="a">Barock</subfield><subfield code="x">Literatur</subfield><subfield code="x">Spanisch</subfield><subfield code="z">Lateinamerika</subfield><subfield code="v">Aufsatzsammlung</subfield><subfield code="2">idszbz</subfield></datafield><datafield ind1=" " ind2="7" tag="651"><subfield code="a">Lateinamerika</subfield><subfield code="2">idszbz</subfield></datafield><datafield ind1=" " ind2="7" tag="651"><subfield code="a">Lateinamerika</subfield><subfield code="x">Literatur</subfield><subfield code="x">Spanisch</subfield><subfield code="x">Barock</subfield><subfield code="v">Aufsatzsammlung</subfield><subfield code="2">idszbz</subfield></datafield><datafield ind1=" " ind2="7" tag="655"><subfield code="a">[Études diverses]</subfield><subfield code="0">(RERO)A022249905</subfield><subfield code="2">rero</subfield></datafield><datafield ind1=" " ind2="7" tag="655"><subfield code="a">Aufsatzsammlung</subfield><subfield code="2">idszbz</subfield></datafield><datafield ind1=" " ind2=" " tag="900"><subfield code="a">REROnoselfmerge</subfield></datafield><datafield ind1=" " ind2=" " tag="900"><subfield code="a">IDSZ2zbzmon200102e</subfield><subfield code="c">IDSZ2meyc</subfield><subfield code="d">IDSZ2zbzswk200102b</subfield><subfield code="e">IDSZ2brua</subfield></datafield><datafield ind1=" " ind2=" " tag="903"><subfield code="a">RERO-SIGN</subfield><subfield code="5">BCUFR/20230711/mdo</subfield></datafield><datafield ind1=" " ind2=" " tag="910"><subfield code="a">OCoLC</subfield><subfield code="b">20201005</subfield><subfield code="c">Réutilisation sous conditions: Licence ODC-BY</subfield></datafield><datafield ind1=" " ind2=" " tag="993"><subfield code="a">BFLA 297470</subfield><subfield code="x">ge/ules/a/20/901</subfield><subfield code="9">LOCAL</subfield></datafield></record>
</metadata></record>