<record><header><identifier>oai:alma.41SLSP_UGE:991000096089705502</identifier><datestamp>2023-06-20T00:22:10Z</datestamp><setSpec>uge_bcen_RapidILL_BOOK</setSpec><setSpec>uge_aaca_RapidILL_BOOK</setSpec><setSpec>uge_abels_RapidILL_BOOK</setSpec><setSpec>uge_dbu_RapidILL_BOOK</setSpec><setSpec>uge_cmu_RapidILL_BOOK</setSpec><setSpec>uge_mail_RapidILL_BOOK</setSpec><setSpec>uge_abbat_RapidILL_BOOK</setSpec><setSpec>UNIGE_ALL</setSpec><setSpec>uge_acar_RapidILL_BOOK</setSpec><setSpec>uge_aobs_RapidILL_BOOK</setSpec></header><metadata>
<record xmlns="http://www.loc.gov/MARC21/slim" xmlns:xsi="http://www.w3.org/2001/XMLSchema-instance" xsi:schemaLocation="http://www.loc.gov/MARC21/slim http://www.loc.gov/standards/marcxml/schema/MARC21slim.xsd"><leader>03563nam a2200805 c 4500</leader><controlfield tag="001">991000096089705502</controlfield><controlfield tag="005">20230619194809.0</controlfield><controlfield tag="008">201012s2013    xxk           00| | eng| </controlfield><datafield ind1=" " ind2=" " tag="010"><subfield code="a">2012048584</subfield></datafield><datafield ind1=" " ind2=" " tag="020"><subfield code="a">0199858284</subfield><subfield code="q">hbk.</subfield></datafield><datafield ind1=" " ind2=" " tag="020"><subfield code="a">0199858306</subfield><subfield code="q">pbk.</subfield></datafield><datafield ind1=" " ind2=" " tag="020"><subfield code="a">9780199858293</subfield><subfield code="q">e-book</subfield></datafield><datafield ind1=" " ind2=" " tag="020"><subfield code="a">0199858292</subfield><subfield code="q">e-book</subfield></datafield><datafield ind1=" " ind2=" " tag="020"><subfield code="a">9780199858286</subfield><subfield code="q">hardback</subfield></datafield><datafield ind1=" " ind2=" " tag="020"><subfield code="a">9780199858309</subfield><subfield code="q">paperback</subfield></datafield><datafield ind1=" " ind2=" " tag="035"><subfield code="a">(swissbib)241570441-41slsp_network</subfield></datafield><datafield ind1=" " ind2=" " tag="035"><subfield code="a">241570441</subfield><subfield code="9">ExL</subfield></datafield><datafield ind1=" " ind2=" " tag="035"><subfield code="a">(IDSBB)006269303DSV01</subfield></datafield><datafield ind1=" " ind2=" " tag="035"><subfield code="a">(RERO)R007516235-41slsp</subfield></datafield><datafield ind1=" " ind2=" " tag="035"><subfield code="a">(IDSSG)000632359HSB01</subfield></datafield><datafield ind1=" " ind2=" " tag="035"><subfield code="a">(NEBIS)007630615EBI01</subfield></datafield><datafield ind1=" " ind2=" " tag="035"><subfield code="a">(OCoLC)857800685</subfield></datafield><datafield ind1=" " ind2=" " tag="035"><subfield code="a">(OCoLC)826456687</subfield></datafield><datafield ind1=" " ind2=" " tag="035"><subfield code="a">(EXLNZ-41SLSP_NETWORK)991053491679705501</subfield></datafield><datafield ind1=" " ind2=" " tag="040"><subfield code="a">DLC</subfield><subfield code="e">kids</subfield><subfield code="d">CH-ZuSLS</subfield></datafield><datafield ind1=" " ind2=" " tag="050"><subfield code="a">PN1995</subfield><subfield code="b">.T795 2013</subfield></datafield><datafield ind1=" " ind2="7" tag="072"><subfield code="a">fm</subfield><subfield code="2">SzZuIDS BS/BE</subfield></datafield><datafield ind1=" " ind2="7" tag="072"><subfield code="a">wa</subfield><subfield code="2">SzZuIDS BS/BE</subfield></datafield><datafield ind1=" " ind2="7" tag="072"><subfield code="a">ba</subfield><subfield code="2">rero</subfield></datafield><datafield ind1="0" ind2="4" tag="082"><subfield code="a">791.43/611</subfield><subfield code="2">23</subfield></datafield><datafield ind1="1" ind2="4" tag="082"><subfield code="a">791</subfield><subfield code="2">15</subfield></datafield><datafield ind1=" " ind2=" " tag="084"><subfield code="a">AP 44900</subfield><subfield code="2">rvk</subfield></datafield><datafield ind1=" " ind2=" " tag="084"><subfield code="a">AP 44960</subfield><subfield code="2">rvk</subfield></datafield><datafield ind1=" " ind2=" " tag="084"><subfield code="a">AP 44961</subfield><subfield code="2">rvk</subfield></datafield><datafield ind1="1" ind2=" " tag="100"><subfield code="a">Tweedie, James</subfield><subfield code="d">1969-</subfield><subfield code="0">(RERO)A018050466</subfield><subfield code="4">cre</subfield><subfield code="6">880-01</subfield></datafield><datafield ind1="1" ind2=" " tag="880"><subfield code="a">Tweedie, James</subfield><subfield code="d">1969-</subfield><subfield code="0">(DE-588)1029152985</subfield><subfield code="6">100-01</subfield></datafield><datafield ind1="1" ind2="0" tag="245"><subfield code="a">&lt;&lt;The&gt;&gt; age of new waves</subfield><subfield code="b">art cinema and the staging of globalization</subfield><subfield code="c">James Tweedie</subfield></datafield><datafield ind1=" " ind2="1" tag="264"><subfield code="a">Oxford</subfield><subfield code="b">Oxford University Press</subfield><subfield code="c">2013</subfield></datafield><datafield ind1=" " ind2=" " tag="300"><subfield code="a">viii, 366 p.</subfield><subfield code="b">ill.</subfield><subfield code="c">24 cm</subfield></datafield><datafield ind1=" " ind2=" " tag="336"><subfield code="b">txt</subfield><subfield code="2">rdacontent</subfield></datafield><datafield ind1=" " ind2=" " tag="337"><subfield code="b">n</subfield><subfield code="2">rdamedia</subfield></datafield><datafield ind1=" " ind2=" " tag="338"><subfield code="b">nc</subfield><subfield code="2">rdacarrier</subfield></datafield><datafield ind1=" " ind2=" " tag="504"><subfield code="a">Includes bibliographical references and index</subfield></datafield><datafield ind1=" " ind2="7" tag="648"><subfield code="a">Geschichte 1950-2012</subfield><subfield code="2">gnd</subfield></datafield><datafield ind1=" " ind2="7" tag="648"><subfield code="a">Geschichte 1959-2012</subfield><subfield code="2">gnd</subfield></datafield><datafield ind1=" " ind2="7" tag="648"><subfield code="a">Geschichte 1950-2000</subfield><subfield code="2">idszbz</subfield></datafield><datafield ind1=" " ind2="7" tag="650"><subfield code="a">Globalisierung</subfield><subfield code="0">(DE-588)4557997-0</subfield><subfield code="2">gnd</subfield></datafield><datafield ind1=" " ind2="0" tag="650"><subfield code="a">Motion pictures and globalization</subfield></datafield><datafield ind1=" " ind2="0" tag="650"><subfield code="a">New wave films</subfield><subfield code="x">History and criticism</subfield></datafield><datafield ind1=" " ind2="0" tag="650"><subfield code="a">New wave films</subfield><subfield code="z">Taiwan</subfield><subfield code="x">History and criticism</subfield></datafield><datafield ind1=" " ind2="7" tag="650"><subfield code="a">Cinéma</subfield><subfield code="0">(IDREF)027285979</subfield><subfield code="2">idref</subfield></datafield><datafield ind1=" " ind2="7" tag="650"><subfield code="a">Mondialisation</subfield><subfield code="0">(IDREF)03500407X</subfield><subfield code="2">idref</subfield></datafield><datafield ind1=" " ind2="7" tag="650"><subfield code="a">Nouvelle Vague (cinéma)</subfield><subfield code="0">(IDREF)028728858</subfield><subfield code="2">idref</subfield></datafield><datafield ind1=" " ind2="7" tag="650"><subfield code="a">Avantgarde</subfield><subfield code="0">(DE-588)4133965-4</subfield><subfield code="2">gnd</subfield></datafield><datafield ind1=" " ind2="7" tag="650"><subfield code="a">Experimentalfilm</subfield><subfield code="0">(DE-588)4153359-8</subfield><subfield code="2">gnd</subfield></datafield><datafield ind1=" " ind2="7" tag="650"><subfield code="a">Film</subfield><subfield code="0">(DE-588)4017102-4</subfield><subfield code="2">gnd</subfield></datafield><datafield ind1=" " ind2="7" tag="650"><subfield code="a">Filmästhetik</subfield><subfield code="0">(DE-588)4140881-0</subfield><subfield code="2">gnd</subfield></datafield><datafield ind1=" " ind2="7" tag="650"><subfield code="a">Nouvelle vague</subfield><subfield code="0">(DE-588)4333730-2</subfield><subfield code="2">gnd</subfield></datafield><datafield ind1=" " ind2="7" tag="651"><subfield code="a">China</subfield><subfield code="0">(DE-588)4009937-4</subfield><subfield code="2">gnd</subfield></datafield><datafield ind1=" " ind2="7" tag="651"><subfield code="a">Taiwan</subfield><subfield code="0">(DE-588)4017875-4</subfield><subfield code="2">gnd</subfield></datafield><datafield ind1=" " ind2=" " tag="690"><subfield code="a">Globalisierung; Stadt; Jugendliche; Inszenierung; Kinowirtschaft; Republik; Kunst; Moderne; Zeitalter; Generation; Archipel; Welt; Paris; Boom; Volk; Alter; Chinese; Cinema; Einleitung; Film; Fluss; Index; Spuk; Staging; Wirtschaft</subfield><subfield code="2">idssg-J</subfield></datafield><datafield ind1=" " ind2=" " tag="690"><subfield code="a">Megacity; Volksrepublik; Kunstkino; Urbanarchipel; Wirtschaftsboom</subfield><subfield code="2">idssg-J</subfield></datafield><datafield ind1=" " ind2=" " tag="690"><subfield code="a">globales Jahr; 1960er Jahr; fünfte Generation; junge Stadt; neue Welle; ostasiatischer Wirtschaftsboom</subfield><subfield code="2">idssg-J</subfield></datafield><datafield ind1=" " ind2=" " tag="690"><subfield code="a">Taiwan C9TAIW; China C9CHIN; Frankreich C4EUFR; Großbritannien C4EUUK; Welt C00WOR</subfield><subfield code="2">idssg-J</subfield></datafield><datafield ind1=" " ind2=" " tag="690"><subfield code="a">Art CINEMA; Chinese Cinema; Einleitung Jugend Städte; James Tweedie; New Waves; Urbanarchipel Taiwans New Wave</subfield><subfield code="2">idssg-J</subfield></datafield><datafield ind1=" " ind2=" " tag="690"><subfield code="a">100c</subfield><subfield code="d">Globalisierung</subfield><subfield code="2">uzb-UJ</subfield></datafield><datafield ind1=" " ind2=" " tag="690"><subfield code="a">105</subfield><subfield code="d">Soziologie, Soziologische Geographie, Menschliches Verhalten</subfield><subfield code="2">uzb-UJ</subfield></datafield><datafield ind1="4" ind2=" " tag="856"><subfield code="3">Titelblatt und Inhaltsverzeichnis</subfield><subfield code="u">https://toc.library.ethz.ch/objects/pdf03/z01_978-0-19-985828-6_01.pdf</subfield><subfield code="q">pdf</subfield></datafield><datafield ind1=" " ind2=" " tag="900"><subfield code="a">IDSZ2zbzmon201310f</subfield><subfield code="c">IDSZ2sage</subfield><subfield code="d">IDSZ2zbzswk201401b</subfield><subfield code="e">IDSZ2genh</subfield></datafield><datafield ind1=" " ind2=" " tag="911"><subfield code="a">100</subfield><subfield code="a">Tweedie, James</subfield><subfield code="d">1969-</subfield></datafield><datafield ind1=" " ind2=" " tag="949"><subfield code="a">https://toc.library.ethz.ch/objects/pdf03/z01_978-0-19-985828-6_01.pdf</subfield></datafield></record>
</metadata></record><record><header status="deleted"><identifier>oai:alma.41SLSP_UGE:991000095569705502</identifier><datestamp>2023-10-20T01:33:23Z</datestamp><setSpec>uge_bcen_RapidILL_BOOK</setSpec><setSpec>uge_aaca_RapidILL_BOOK</setSpec><setSpec>uge_abels_RapidILL_BOOK</setSpec><setSpec>uge_dbu_RapidILL_BOOK</setSpec><setSpec>uge_cmu_RapidILL_BOOK</setSpec><setSpec>uge_mail_RapidILL_BOOK</setSpec><setSpec>uge_abbat_RapidILL_BOOK</setSpec><setSpec>UNIGE_ALL</setSpec><setSpec>uge_aobs_RapidILL_BOOK</setSpec><setSpec>uge_acar_RapidILL_BOOK</setSpec></header></record>