<record><header><identifier>oai:alma.41SLSP_UGE:991000096189705502</identifier><datestamp>2023-03-01T01:10:27Z</datestamp><setSpec>uge_bcen_RapidILL_BOOK</setSpec><setSpec>uge_aaca_RapidILL_BOOK</setSpec><setSpec>uge_abels_RapidILL_BOOK</setSpec><setSpec>uge_dbu_RapidILL_BOOK</setSpec><setSpec>uge_cmu_RapidILL_BOOK</setSpec><setSpec>uge_mail_RapidILL_BOOK</setSpec><setSpec>UNIGE_ALL</setSpec><setSpec>uge_abbat_RapidILL_BOOK</setSpec><setSpec>uge_aobs_RapidILL_BOOK</setSpec><setSpec>uge_acar_RapidILL_BOOK</setSpec></header><metadata>
<record xmlns="http://www.loc.gov/MARC21/slim" xmlns:xsi="http://www.w3.org/2001/XMLSchema-instance" xsi:schemaLocation="http://www.loc.gov/MARC21/slim http://www.loc.gov/standards/marcxml/schema/MARC21slim.xsd"><leader>03483nam a22005172c 4500</leader><controlfield tag="001">991000096189705502</controlfield><controlfield tag="005">20210206205849.0</controlfield><controlfield tag="008">130807s1994    ja ||||| |||| 00| ||jpn d</controlfield><datafield ind1=" " ind2=" " tag="020"><subfield code="a">4804380078</subfield></datafield><datafield ind1=" " ind2=" " tag="020"><subfield code="a">9784804380070</subfield></datafield><datafield ind1=" " ind2=" " tag="035"><subfield code="a">(swissbib)117882771-41slsp_network</subfield></datafield><datafield ind1=" " ind2=" " tag="035"><subfield code="a">117882771</subfield><subfield code="9">ExL</subfield></datafield><datafield ind1=" " ind2=" " tag="035"><subfield code="a">(RERO)R007437172-41slsp</subfield></datafield><datafield ind1=" " ind2=" " tag="035"><subfield code="a">(EXLNZ-41SLSP_NETWORK)991014483749705501</subfield></datafield><datafield ind1=" " ind2=" " tag="040"><subfield code="a">LWU</subfield><subfield code="d">CH-ZuSLS</subfield></datafield><datafield ind1="1" ind2=" " tag="041"><subfield code="a">jpn</subfield><subfield code="h">chi</subfield></datafield><datafield ind1=" " ind2="7" tag="072"><subfield code="a">or</subfield><subfield code="2">rero</subfield></datafield><datafield ind1="0" ind2="0" tag="245"><subfield code="6">880-01</subfield><subfield code="a">Funbetsu shōikyō</subfield><subfield code="b">Konrin jisho giki ; Daihōdō daranikyō hoka</subfield><subfield code="c">Endō Yūjun, Fukuda Ryōsei, Mizukami Fumiyoshi kōchū</subfield></datafield><datafield ind1="0" ind2="0" tag="880"><subfield code="6">245-01/$1</subfield><subfield code="a">分別聖位経</subfield><subfield code="b">金輪時処儀軌 ; 大方等陀羅尼経他</subfield><subfield code="c">遠藤祐純, 福田亮成, 水上文義校注</subfield></datafield><datafield ind1="1" ind2=" " tag="246"><subfield code="6">880-02</subfield><subfield code="a">Ryakujutsu kongōchō yuga funbetsu shōi shushō hōmon jo</subfield></datafield><datafield ind1="1" ind2=" " tag="880"><subfield code="6">246-02/$1</subfield><subfield code="a">略述金剛頂瑜伽分別聖位修証法門序</subfield></datafield><datafield ind1="1" ind2=" " tag="246"><subfield code="6">880-03</subfield><subfield code="a">Kongōchōkyō ichiji chōrinnō yuga issai jisho nenju jōbutsu giki</subfield></datafield><datafield ind1="1" ind2=" " tag="880"><subfield code="6">246-03/$1</subfield><subfield code="a">金剛頂経一字頂輪王瑜伽一切時処念誦成仏儀軌</subfield></datafield><datafield ind1="1" ind2=" " tag="246"><subfield code="6">880-04</subfield><subfield code="a">Konrin jisho giki</subfield></datafield><datafield ind1="1" ind2=" " tag="880"><subfield code="6">246-04/$1</subfield><subfield code="a">金輪時処儀軌</subfield></datafield><datafield ind1="1" ind2=" " tag="246"><subfield code="6">880-05</subfield><subfield code="a">Daihōdō daranikyō</subfield></datafield><datafield ind1="1" ind2=" " tag="880"><subfield code="6">246-05/$1</subfield><subfield code="a">大方等陀羅尼経</subfield></datafield><datafield ind1=" " ind2="1" tag="264"><subfield code="6">880-06</subfield><subfield code="a">Tōkyō</subfield><subfield code="b">Daizō Shuppan</subfield><subfield code="c">1994</subfield></datafield><datafield ind1=" " ind2="1" tag="880"><subfield code="6">264-06/$1</subfield><subfield code="a">東京</subfield><subfield code="b">大蔵出版</subfield><subfield code="c">1994</subfield></datafield><datafield ind1=" " ind2=" " tag="300"><subfield code="a">346 p.</subfield><subfield code="c">23 cm</subfield></datafield><datafield ind1=" " ind2=" " tag="336"><subfield code="b">txt</subfield><subfield code="2">rdacontent</subfield></datafield><datafield ind1=" " ind2=" " tag="337"><subfield code="b">n</subfield><subfield code="2">rdamedia</subfield></datafield><datafield ind1=" " ind2=" " tag="338"><subfield code="b">nc</subfield><subfield code="2">rdacarrier</subfield></datafield><datafield ind1="1" ind2=" " tag="490"><subfield code="6">880-07</subfield><subfield code="a">Shin kokuyaku Daizōkyō. 12, Mikkyōbu</subfield><subfield code="v">6</subfield></datafield><datafield ind1="0" ind2=" " tag="880"><subfield code="6">490-07/$1</subfield><subfield code="a">新国訳大蔵経. 12, 密教部</subfield><subfield code="v">6</subfield></datafield><datafield ind1=" " ind2=" " tag="504"><subfield code="a">Includes bibliographical references and index.</subfield></datafield><datafield ind1="0" ind2=" " tag="505"><subfield code="a">分別聖位経 -- 金剛頂三十七尊必要 -- 三十七尊出生義 -- 瑜伽修習毘盧遮那三摩地法 -- 金輪時処儀軌 -- 法華儀軌 -- 五秘密儀軌 -- 大方等陀羅尼経</subfield></datafield><datafield ind1="1" ind2=" " tag="700"><subfield code="6">880-08</subfield><subfield code="a">Endō, Yūjun</subfield><subfield code="d">1935-</subfield><subfield code="0">(RERO)A023585354</subfield></datafield><datafield ind1="0" ind2=" " tag="880"><subfield code="6">700-08/$1</subfield><subfield code="a">遠藤祐純</subfield><subfield code="d">1935-</subfield></datafield><datafield ind1="1" ind2=" " tag="700"><subfield code="6">880-09</subfield><subfield code="a">Fukuda, Ryōsei</subfield><subfield code="d">1937-</subfield><subfield code="0">(RERO)A023580695</subfield></datafield><datafield ind1="0" ind2=" " tag="880"><subfield code="6">700-09/$1</subfield><subfield code="a">福田亮成</subfield><subfield code="d">1937-</subfield></datafield><datafield ind1="1" ind2=" " tag="700"><subfield code="6">880-10</subfield><subfield code="a">Mizukami, Fumiyoshi</subfield><subfield code="d">1950-....</subfield><subfield code="0">(IDREF)137939310</subfield></datafield><datafield ind1="0" ind2=" " tag="880"><subfield code="6">700-10/$1</subfield><subfield code="a">水上文義</subfield><subfield code="d">1950-</subfield></datafield><datafield ind1=" " ind2="0" tag="830"><subfield code="6">880-12</subfield><subfield code="a">Shin kokuyaku Daizōkyō</subfield><subfield code="n">12</subfield><subfield code="p">Mikkyōbu</subfield><subfield code="v">6</subfield><subfield code="w">(RERO)R007437040-41slsp</subfield></datafield><datafield ind1=" " ind2="0" tag="880"><subfield code="6">830-12</subfield><subfield code="a">新国訳大蔵経</subfield><subfield code="n">12</subfield><subfield code="p">密教部</subfield><subfield code="v">6</subfield></datafield><datafield ind1=" " ind2=" " tag="900"><subfield code="a">REROnoselfmerge</subfield></datafield><datafield ind1=" " ind2=" " tag="910"><subfield code="a">OCoLC</subfield><subfield code="b">20130807</subfield><subfield code="c">Droits réservés</subfield></datafield></record>
</metadata></record>