<record><header><identifier>oai:alma.41SLSP_UGE:991000095679705502</identifier><datestamp>2024-04-05T00:23:44Z</datestamp><setSpec>uge_bcen_RapidILL_BOOK</setSpec><setSpec>uge_aaca_RapidILL_BOOK</setSpec><setSpec>uge_abels_RapidILL_BOOK</setSpec><setSpec>uge_dbu_RapidILL_BOOK</setSpec><setSpec>uge_cmu_RapidILL_BOOK</setSpec><setSpec>uge_mail_RapidILL_BOOK</setSpec><setSpec>uge_abbat_RapidILL_BOOK</setSpec><setSpec>UNIGE_ALL</setSpec><setSpec>uge_acar_RapidILL_BOOK</setSpec><setSpec>uge_aobs_RapidILL_BOOK</setSpec></header><metadata>
<record xmlns="http://www.loc.gov/MARC21/slim" xmlns:xsi="http://www.w3.org/2001/XMLSchema-instance" xsi:schemaLocation="http://www.loc.gov/MARC21/slim http://www.loc.gov/standards/marcxml/schema/MARC21slim.xsd"><leader>04808nam a22007212c 4500</leader><controlfield tag="001">991000095679705502</controlfield><controlfield tag="005">20240404153725.0</controlfield><controlfield tag="008">201011s2011    ne ||||| |||| 00| ||eng d</controlfield><datafield ind1=" " ind2=" " tag="010"><subfield code="a">2011020167</subfield></datafield><datafield ind1=" " ind2=" " tag="020"><subfield code="a">9004202919</subfield><subfield code="q">hardback : alk. paper</subfield></datafield><datafield ind1=" " ind2=" " tag="020"><subfield code="a">9789004202917</subfield><subfield code="q">hardback : alk. paper</subfield></datafield><datafield ind1=" " ind2=" " tag="020"><subfield code="a">9789004221888</subfield><subfield code="q">Online</subfield></datafield><datafield ind1="7" ind2=" " tag="024"><subfield code="a">http://catalogue.bnf.fr/ark:/12148/cb426039469</subfield><subfield code="2">uri</subfield></datafield><datafield ind1=" " ind2=" " tag="035"><subfield code="a">(swissbib)230447740-41slsp_network</subfield></datafield><datafield ind1=" " ind2=" " tag="035"><subfield code="a">230447740</subfield><subfield code="9">ExL</subfield></datafield><datafield ind1=" " ind2=" " tag="035"><subfield code="a">(RERO)R006121866-41slsp</subfield></datafield><datafield ind1=" " ind2=" " tag="035"><subfield code="a">(IDSSG)000543155HSB01</subfield></datafield><datafield ind1=" " ind2=" " tag="035"><subfield code="a">(NEBIS)006581021EBI01</subfield></datafield><datafield ind1=" " ind2=" " tag="035"><subfield code="a">(OCoLC)725828746</subfield></datafield><datafield ind1=" " ind2=" " tag="035"><subfield code="a">(EXLNZ-41SLSP_NETWORK)991019918449705501</subfield></datafield><datafield ind1=" " ind2=" " tag="040"><subfield code="a">DLC</subfield><subfield code="d">CH-ZuSLS</subfield></datafield><datafield ind1=" " ind2="0" tag="050"><subfield code="a">KZ6369</subfield><subfield code="b">.S555 2011</subfield></datafield><datafield ind1=" " ind2="7" tag="072"><subfield code="a">dr</subfield><subfield code="2">rero</subfield></datafield><datafield ind1="0" ind2="0" tag="082"><subfield code="a">341.5/84</subfield><subfield code="2">23</subfield></datafield><datafield ind1="0" ind2="4" tag="082"><subfield code="a">340.09</subfield><subfield code="2">22/ger</subfield></datafield><datafield ind1="1" ind2="4" tag="082"><subfield code="a">341.584</subfield><subfield code="2">22</subfield></datafield><datafield ind1="7" ind2="4" tag="082"><subfield code="a">340</subfield><subfield code="2">23sdnb</subfield></datafield><datafield ind1=" " ind2=" " tag="084"><subfield code="a">D 43.1 h KOS</subfield><subfield code="2">cjurrom</subfield></datafield><datafield ind1="1" ind2=" " tag="100"><subfield code="a">Simonen, Katariina</subfield><subfield code="0">(IDREF)155877380</subfield><subfield code="4">cre</subfield></datafield><datafield ind1="1" ind2="0" tag="245"><subfield code="a">&lt;&lt;The&gt;&gt; state versus the individual</subfield><subfield code="b">the unresolved dilemma of humanitarian intervention</subfield><subfield code="c">by Katariina Simonen</subfield></datafield><datafield ind1=" " ind2="1" tag="264"><subfield code="a">Leiden</subfield><subfield code="b">Martinus Nijhoff Publishers</subfield><subfield code="c">2011</subfield></datafield><datafield ind1=" " ind2=" " tag="300"><subfield code="a">334 p.</subfield><subfield code="b">ill.</subfield></datafield><datafield ind1=" " ind2=" " tag="336"><subfield code="b">txt</subfield><subfield code="2">rdacontent</subfield></datafield><datafield ind1=" " ind2=" " tag="337"><subfield code="b">n</subfield><subfield code="2">rdamedia</subfield></datafield><datafield ind1=" " ind2=" " tag="338"><subfield code="b">nc</subfield><subfield code="2">rdacarrier</subfield></datafield><datafield ind1=" " ind2=" " tag="500"><subfield code="a">Originally presented as the author's thesis (LL.D.)--University of Turku, 2010</subfield></datafield><datafield ind1=" " ind2=" " tag="502"><subfield code="a">Diss. Univ. of Turku, 2010</subfield></datafield><datafield ind1=" " ind2=" " tag="504"><subfield code="a">Includes bibliographical references and index.</subfield></datafield><datafield ind1="0" ind2=" " tag="505"><subfield code="a">&quot;Humanitarian intervention norm is valid&quot; : norm proposition, validity and interpretation in legal theory -- Common interest as a basis of law -- Use of armed force under the United Nations Charter -- An empirical appraisal of state and IGO practice vis-a-vis NATO's allied force operation in Kosovo -- Beyond Kosovo : responsibility to protect</subfield></datafield><datafield ind1="2" ind2="7" tag="610"><subfield code="a">Nations Unies</subfield><subfield code="0">(IDREF)026395258</subfield><subfield code="2">idref</subfield></datafield><datafield ind1=" " ind2="7" tag="650"><subfield code="a">Droit humanitaire</subfield><subfield code="0">(IDREF)029996511</subfield><subfield code="2">idref</subfield></datafield><datafield ind1=" " ind2="7" tag="650"><subfield code="a">Droit international</subfield><subfield code="0">(IDREF)050627597</subfield><subfield code="2">idref</subfield></datafield><datafield ind1=" " ind2="7" tag="650"><subfield code="a">Intervention (droit international)</subfield><subfield code="0">(IDREF)028714342</subfield><subfield code="2">idref</subfield></datafield><datafield ind1=" " ind2="0" tag="650"><subfield code="a">Human rights</subfield></datafield><datafield ind1=" " ind2="0" tag="650"><subfield code="a">Humanitarian intervention</subfield></datafield><datafield ind1=" " ind2="0" tag="650"><subfield code="a">Intervention (International law)</subfield></datafield><datafield ind1=" " ind2="7" tag="650"><subfield code="a">Humanitäre Intervention</subfield><subfield code="0">(DE-588)4202065-7</subfield><subfield code="2">gnd</subfield></datafield><datafield ind1=" " ind2="7" tag="650"><subfield code="a">Responsibility to Protect</subfield><subfield code="0">(DE-588)7742862-6</subfield><subfield code="2">gnd</subfield></datafield><datafield ind1=" " ind2="7" tag="650"><subfield code="a">Völkerrecht</subfield><subfield code="0">(DE-588)4063693-8</subfield><subfield code="2">gnd</subfield></datafield><datafield ind1=" " ind2="7" tag="650"><subfield code="a">Rechtstheorie</subfield><subfield code="0">(DE-588)4126505-1</subfield><subfield code="2">gnd</subfield></datafield><datafield ind1=" " ind2="7" tag="650"><subfield code="a">Intervention (Völkerrecht)</subfield><subfield code="2">idszbz</subfield></datafield><datafield ind1=" " ind2="7" tag="650"><subfield code="a">Menschenrecht</subfield><subfield code="2">idszbz</subfield></datafield><datafield ind1=" " ind2="7" tag="650"><subfield code="a">Humanitäre Intervention</subfield><subfield code="2">idszbz</subfield></datafield><datafield ind1=" " ind2="7" tag="655"><subfield code="a">Hochschulschrift</subfield><subfield code="2">gnd-content</subfield></datafield><datafield ind1=" " ind2=" " tag="690"><subfield code="a">Validation ; Intervention ; Humanitarian ; Judicial subject ; Dilemma ; Context ; Charter ; Proposition ; Theory ; Emergency ; History ; Crime ; Legitimacy ; Evaluation ; Security ; Precondition ; Abbreviation ; Argument ; Countermeasure ; Treaty ; Genocide ; Acceptance ; Research ; Nation charter ; Provision ; Human Rights ; Human right ; Community ; Obligation ; Ban ; Threat ; Breach ; Enforcement ; Peculiarity ; Violation ; Compliance ; State responsibility ; Existence ; Security council ; Human right violation ; Community reaction ; Force ; Determinacy ; Administrative body ; Coalition ; Appraisal ; Reconciliation ; Flexibility ; Nato ; Force operation ; Peace settlement ; Settlement ; Publisher ; Freedom ; Component part ; Tool management ; Realist ; Positivist ; Framework ; Multiplicity ; breakdown ; Success ; Discussion ; Drafting ; Commission ; Doctrine ; Individual ; Phenomenon ; Personality ; Vote ; Responsibility ; Reception ; Initiative ; Policy recommendation ; Strategy ; Offeree ; Unilateralism ; Matrix algebra ; Favour ; Inaction ; Crisis ; Rhetoric ; World summit ; Decision-making aid ; Agenda ; Bibliography</subfield><subfield code="2">idssg-J</subfield></datafield><datafield ind1=" " ind2=" " tag="690"><subfield code="a">brief commentary; Basic commitments; Peremptory norms jus; first reading; second reading; final Articles; succinct introduction; Introductory remarks; other sources; specific example; Regional conclusions; Ethnic cleansing; Regional Round; developing countries; secure world; evaluative conclusions; legal basis</subfield><subfield code="2">idssg-J</subfield></datafield><datafield ind1=" " ind2=" " tag="690"><subfield code="a">State [100]; Leiden [12]; Boston [12]; United_Nations [6]; Kosovo [5]</subfield><subfield code="2">idssg-J</subfield></datafield><datafield ind1=" " ind2=" " tag="690"><subfield code="a">Katarü; na; monen; NIJHOFF; humanite; Communitarian; erga; omnes; cogens; Vlll; ECOWAS; KOSOVO; legitimacy; intervener; IGOs; Opinio; NIJHOFF; NORM; C; BASIS; USE; ECOWAS; KOSOVO; CONCLUSIONS</subfield><subfield code="2">idssg-J</subfield></datafield><datafield ind1="4" ind2=" " tag="856"><subfield code="3">Titelblatt und Inhaltsverzeichnis</subfield><subfield code="u">https://toc.library.ethz.ch/objects/pdf/z01_978-90-04-20291-7_01.pdf</subfield><subfield code="q">pdf</subfield></datafield><datafield ind1=" " ind2=" " tag="900"><subfield code="a">REROnoselfmerge</subfield></datafield><datafield ind1=" " ind2=" " tag="900"><subfield code="a">IDSZ2rwidat201301l</subfield><subfield code="c">IDSZ2biss</subfield></datafield><datafield ind1=" " ind2=" " tag="900"><subfield code="a">IDSZ2zbzmon201110f</subfield><subfield code="c">IDSZ2dien</subfield><subfield code="d">IDSZ2zbzswk201110b</subfield><subfield code="e">IDSZ2bruu</subfield></datafield><datafield ind1=" " ind2=" " tag="910"><subfield code="a">OCoLC</subfield><subfield code="b">20110809</subfield><subfield code="c">Droits réservés</subfield></datafield><datafield ind1=" " ind2=" " tag="949"><subfield code="a">https://toc.library.ethz.ch/objects/pdf/z01_978-90-04-20291-7_01.pdf</subfield></datafield></record>
</metadata></record>