<record><header><identifier>oai:alma.41SLSP_UGE:991000096299705502</identifier><datestamp>2024-07-24T00:57:30Z</datestamp><setSpec>uge_bcen_RapidILL_BOOK</setSpec><setSpec>uge_aaca_RapidILL_BOOK</setSpec><setSpec>uge_abels_RapidILL_BOOK</setSpec><setSpec>uge_dbu_RapidILL_BOOK</setSpec><setSpec>uge_cmu_RapidILL_BOOK</setSpec><setSpec>uge_mail_RapidILL_BOOK</setSpec><setSpec>uge_abbat_RapidILL_BOOK</setSpec><setSpec>UNIGE_ALL</setSpec><setSpec>uge_acar_RapidILL_BOOK</setSpec><setSpec>uge_aobs_RapidILL_BOOK</setSpec></header><metadata>
<record xmlns="http://www.loc.gov/MARC21/slim" xmlns:xsi="http://www.w3.org/2001/XMLSchema-instance" xsi:schemaLocation="http://www.loc.gov/MARC21/slim http://www.loc.gov/standards/marcxml/schema/MARC21slim.xsd"><leader>03762nam a2200745 c 4500</leader><controlfield tag="001">991000096299705502</controlfield><controlfield tag="005">20230817152133.0</controlfield><controlfield tag="008">201011s2020    fr            10| | fre d</controlfield><datafield ind1=" " ind2=" " tag="020"><subfield code="a">9782757430248</subfield></datafield><datafield ind1=" " ind2=" " tag="035"><subfield code="a">(swissbib)221822364-41slsp_network</subfield></datafield><datafield ind1=" " ind2=" " tag="035"><subfield code="a">221822364</subfield><subfield code="9">ExL</subfield></datafield><datafield ind1=" " ind2=" " tag="035"><subfield code="a">(RERO)R009016523-41slsp</subfield></datafield><datafield ind1=" " ind2=" " tag="035"><subfield code="a">(IDSBB)007185961DSV01</subfield></datafield><datafield ind1=" " ind2=" " tag="035"><subfield code="a">(NEBIS)011577514EBI01</subfield></datafield><datafield ind1=" " ind2=" " tag="035"><subfield code="a">(EXLNZ-41SLSP_NETWORK)991155534269705501</subfield></datafield><datafield ind1=" " ind2=" " tag="040"><subfield code="a">RERO gevbge</subfield><subfield code="b">fre</subfield><subfield code="e">rda</subfield><subfield code="d">CH-ZuSLS</subfield></datafield><datafield ind1=" " ind2="7" tag="072"><subfield code="a">ha</subfield><subfield code="2">rero</subfield></datafield><datafield ind1=" " ind2="7" tag="072"><subfield code="a">ag</subfield><subfield code="2">SzZuIDS BS/BE</subfield></datafield><datafield ind1=" " ind2="7" tag="072"><subfield code="a">ag</subfield><subfield code="2">CH-ZuSLS ube</subfield></datafield><datafield ind1="1" ind2="4" tag="082"><subfield code="a">930</subfield><subfield code="2">15</subfield></datafield><datafield ind1="7" ind2="4" tag="082"><subfield code="a">930</subfield><subfield code="2">23sdnb</subfield></datafield><datafield ind1=" " ind2=" " tag="084"><subfield code="a">NH 7600</subfield><subfield code="2">rvk</subfield></datafield><datafield ind1="0" ind2="0" tag="245"><subfield code="a">Mémoires de Trajan, mémoires d'Hadrien</subfield><subfield code="c">Stéphane Benoist, Alban Gautier, Christine Hoët-van Cauwenberghe, Rémy Poignault (dir.) ; avec les contributions de Christelle Ansel ... [et al.]</subfield></datafield><datafield ind1=" " ind2="1" tag="264"><subfield code="a">Villeneuve-d'Ascq</subfield><subfield code="b">Presses universitaires du Septentrion</subfield><subfield code="c">2020</subfield></datafield><datafield ind1=" " ind2=" " tag="300"><subfield code="a">528 pages</subfield><subfield code="b">illustrations</subfield></datafield><datafield ind1=" " ind2=" " tag="336"><subfield code="b">txt</subfield><subfield code="2">rdacontent</subfield></datafield><datafield ind1=" " ind2=" " tag="337"><subfield code="b">n</subfield><subfield code="2">rdamedia</subfield></datafield><datafield ind1=" " ind2=" " tag="338"><subfield code="b">nc</subfield><subfield code="2">rdacarrier</subfield></datafield><datafield ind1="1" ind2=" " tag="490"><subfield code="a">Histoire et civilisations</subfield><subfield code="v">1938</subfield></datafield><datafield ind1="0" ind2=" " tag="490"><subfield code="a">Histoire et civilisations. Temps, espace et société</subfield></datafield><datafield ind1=" " ind2=" " tag="500"><subfield code="a">Textes issus d'un colloque organisé à Villeneuve-d'Ascq et à la Villa Marguerite Yourcenar de Saint-Jans-Cappel (Nord) du 28 au 30 septembre 2017</subfield></datafield><datafield ind1="0" ind2="7" tag="600"><subfield code="a">Hadrien</subfield><subfield code="c">empereur romain</subfield><subfield code="d">0076-0138</subfield><subfield code="0">(IDREF)027527530</subfield><subfield code="2">idref</subfield></datafield><datafield ind1="0" ind2="7" tag="600"><subfield code="a">Trajan</subfield><subfield code="c">empereur romain</subfield><subfield code="d">0053-0117</subfield><subfield code="0">(IDREF)081821417</subfield><subfield code="2">idref</subfield></datafield><datafield ind1=" " ind2="7" tag="650"><subfield code="a">hadrien memoire</subfield><subfield code="2">rero</subfield></datafield><datafield ind1="0" ind2="7" tag="600"><subfield code="a">Hadrian</subfield><subfield code="c">Römisches Reich, Kaiser</subfield><subfield code="d">76-138</subfield><subfield code="0">(DE-588)118544373</subfield><subfield code="2">gnd</subfield></datafield><datafield ind1="0" ind2="7" tag="600"><subfield code="a">Trajan</subfield><subfield code="c">Römisches Reich, Kaiser</subfield><subfield code="d">53-117</subfield><subfield code="0">(DE-588)118623567</subfield><subfield code="2">gnd</subfield></datafield><datafield ind1=" " ind2="7" tag="648"><subfield code="a">Geschichte</subfield><subfield code="9">rswk-swf</subfield><subfield code="2">gnd</subfield></datafield><datafield ind1=" " ind2="7" tag="650"><subfield code="a">Rezeption</subfield><subfield code="2">gnd</subfield><subfield code="0">(DE-588)4049716-1</subfield></datafield><datafield ind1="0" ind2="0" tag="600"><subfield code="a">Hadrian</subfield><subfield code="c">Emperor of Rome</subfield><subfield code="d">76-138</subfield><subfield code="v">Congresses</subfield></datafield><datafield ind1="0" ind2="0" tag="600"><subfield code="a">Trajan</subfield><subfield code="c">Emperor of Rome</subfield><subfield code="d">53-117</subfield><subfield code="v">Congresses</subfield></datafield><datafield ind1=" " ind2="7" tag="650"><subfield code="a">Mémoire collective</subfield><subfield code="0">(IDREF)030288185</subfield><subfield code="2">idref</subfield></datafield><datafield ind1=" " ind2="7" tag="650"><subfield code="a">Appréciation</subfield><subfield code="0">(IDREF)02779489X</subfield><subfield code="2">idref</subfield></datafield><datafield ind1=" " ind2="7" tag="650"><subfield code="a">Illustrations</subfield><subfield code="0">(IDREF)027791785</subfield><subfield code="2">idref</subfield></datafield><datafield ind1=" " ind2="7" tag="650"><subfield code="a">Représentations sociales</subfield><subfield code="0">(IDREF)029765978</subfield><subfield code="2">idref</subfield></datafield><datafield ind1=" " ind2="0" tag="650"><subfield code="a">Emperors</subfield><subfield code="z">Rome</subfield><subfield code="v">Biography</subfield><subfield code="v">Congresses</subfield></datafield><datafield ind1=" " ind2="0" tag="651"><subfield code="a">Rome</subfield><subfield code="x">History</subfield><subfield code="y">Hadrian, 117-138</subfield><subfield code="v">Congresses</subfield></datafield><datafield ind1=" " ind2="0" tag="651"><subfield code="a">Rome</subfield><subfield code="x">History</subfield><subfield code="y">Trajan, 98-117</subfield><subfield code="v">Congresses</subfield></datafield><datafield ind1=" " ind2="7" tag="655"><subfield code="a">Actes de congrès</subfield><subfield code="0">(IDREF)02886431X</subfield><subfield code="2">idref</subfield></datafield><datafield ind1=" " ind2="7" tag="655"><subfield code="a">Aufsatzsammlung</subfield><subfield code="2">gnd-content</subfield></datafield><datafield ind1=" " ind2="7" tag="655"><subfield code="a">Konferenzschrift</subfield><subfield code="z">Villeneuve-d'Ascq</subfield><subfield code="y">2017</subfield><subfield code="2">gnd-content</subfield></datafield><datafield ind1="1" ind2=" " tag="700"><subfield code="6">880-07</subfield><subfield code="a">Gautier, Alban</subfield><subfield code="c">historien</subfield><subfield code="d">1975-....</subfield><subfield code="0">(IDREF)086242571</subfield><subfield code="4">edt</subfield></datafield><datafield ind1="1" ind2=" " tag="880"><subfield code="a">Gautier, Alban</subfield><subfield code="d">1975-</subfield><subfield code="6">700-07/(B</subfield><subfield code="4">edt</subfield><subfield code="0">(DE-588)133600289</subfield></datafield><datafield ind1="1" ind2=" " tag="700"><subfield code="6">880-08</subfield><subfield code="a">Hoët-Van Cauwenberghe, Christine</subfield><subfield code="d">1966-....</subfield><subfield code="0">(IDREF)088218465</subfield><subfield code="4">edt</subfield></datafield><datafield ind1="1" ind2=" " tag="880"><subfield code="6">700-08/(B</subfield><subfield code="a">Hoët- van Cauwenberghe, Christine</subfield><subfield code="d">1966-</subfield><subfield code="4">edt</subfield><subfield code="0">(DE-588)1031833994</subfield></datafield><datafield ind1="1" ind2=" " tag="700"><subfield code="6">880-09</subfield><subfield code="a">Poignault, Rémy</subfield><subfield code="d">1954-....</subfield><subfield code="0">(IDREF)050139517</subfield><subfield code="4">edt</subfield></datafield><datafield ind1="1" ind2=" " tag="880"><subfield code="6">700-09/(B</subfield><subfield code="a">Poignault, Rémy</subfield><subfield code="d">1954-</subfield><subfield code="4">edt</subfield><subfield code="0">(DE-588)1012285871</subfield></datafield><datafield ind1="1" ind2=" " tag="700"><subfield code="6">880-05</subfield><subfield code="a">Benoist, Stéphane</subfield><subfield code="d">1962-</subfield><subfield code="0">(DE-588)1027750133</subfield><subfield code="4">edt</subfield></datafield><datafield ind1="1" ind2=" " tag="880"><subfield code="6">700-05</subfield><subfield code="a">Benoist, Stéphane</subfield><subfield code="d">1962-....</subfield><subfield code="0">(IDREF)035272058</subfield><subfield code="4">edt</subfield></datafield><datafield ind1="1" ind2=" " tag="700"><subfield code="6">880-06</subfield><subfield code="a">Ansel, Christelle</subfield><subfield code="0">(DE-588)1206695900</subfield><subfield code="4">ctb</subfield></datafield><datafield ind1="1" ind2=" " tag="880"><subfield code="6">700-06</subfield><subfield code="a">Ansel, Christelle</subfield><subfield code="0">(RERO)A028511219</subfield><subfield code="4">ctb</subfield></datafield><datafield ind1="4" ind2="2" tag="856"><subfield code="3">Titelblatt und Inhaltsverzeichnis</subfield><subfield code="u">https://toc.library.ethz.ch/objects/pdf03/z01_978-2-7574-3024-8_01.pdf</subfield><subfield code="q">pdf</subfield></datafield><datafield ind1=" " ind2="0" tag="830"><subfield code="a">Histoire</subfield><subfield code="p">Presses universitaires de Lille</subfield><subfield code="p">Histoire et civilisations</subfield><subfield code="v">1938</subfield><subfield code="w">(IDSBB)001523946DSV01</subfield></datafield><datafield ind1=" " ind2=" " tag="900"><subfield code="a">Stoppsignal FRED</subfield><subfield code="x">UBE/B410/202202</subfield></datafield><datafield ind1=" " ind2=" " tag="900"><subfield code="a">IDSZ2zbzmon202007f</subfield><subfield code="c">IDSZ2scle</subfield><subfield code="d">IDSZ2zbzswk202007g</subfield><subfield code="e">IDSZ2brue</subfield></datafield><datafield ind1=" " ind2=" " tag="903"><subfield code="a">RERO-SIGN</subfield><subfield code="5">UNIGE/20210122/CHK</subfield></datafield><datafield ind1=" " ind2=" " tag="949"><subfield code="a">https://toc.library.ethz.ch/objects/pdf03/z01_978-2-7574-3024-8_01.pdf</subfield></datafield></record>
</metadata></record>