<record><header><identifier>oai:alma.41SLSP_UGE:991000095579705502</identifier><datestamp>2023-06-26T00:15:55Z</datestamp><setSpec>UNIGE_ALL</setSpec></header><metadata>
<record xmlns="http://www.loc.gov/MARC21/slim" xmlns:xsi="http://www.w3.org/2001/XMLSchema-instance" xsi:schemaLocation="http://www.loc.gov/MARC21/slim http://www.loc.gov/standards/marcxml/schema/MARC21slim.xsd"><leader>02613ngm a2200349 c 4500</leader><controlfield tag="001">991000095579705502</controlfield><controlfield tag="005">20230625172940.0</controlfield><controlfield tag="007">vd |v||||</controlfield><controlfield tag="008">170221s1949    cc ||| |          v|chi d</controlfield><datafield ind1=" " ind2=" " tag="035"><subfield code="a">(swissbib)123641403-41slsp_network</subfield></datafield><datafield ind1=" " ind2=" " tag="035"><subfield code="a">123641403</subfield><subfield code="9">ExL</subfield></datafield><datafield ind1=" " ind2=" " tag="035"><subfield code="a">(RERO)R008602114-41slsp</subfield></datafield><datafield ind1=" " ind2=" " tag="035"><subfield code="a">(EXLNZ-41SLSP_NETWORK)991050804629705501</subfield></datafield><datafield ind1=" " ind2=" " tag="040"><subfield code="a">RERO geumem</subfield><subfield code="d">CH-ZuSLS</subfield></datafield><datafield ind1=" " ind2="7" tag="072"><subfield code="a">ba</subfield><subfield code="2">rero</subfield></datafield><datafield ind1="0" ind2="0" tag="245"><subfield code="a">San-Mao Liulang ji</subfield><subfield code="b">= San Mao, le petit vagabond</subfield><subfield code="c">réal. Zhao Ming, Yan Gong ; d'après les bandes dessinées de Zhang Luo-ping ; scénario de Yang Han-sheng ; musique de Wang Yun-jie; dir. de la prod. Wei Bu</subfield></datafield><datafield ind1="1" ind2=" " tag="246"><subfield code="a">San Mao, le petit vagabond</subfield></datafield><datafield ind1=" " ind2="1" tag="264"><subfield code="a">[Shangaï]</subfield><subfield code="b">Kunlun [prod.]</subfield><subfield code="c">1949</subfield></datafield><datafield ind1=" " ind2=" " tag="300"><subfield code="a">1 DVD-R  (1h)</subfield><subfield code="b">noir et blanc</subfield></datafield><datafield ind1=" " ind2=" " tag="336"><subfield code="b">tdi</subfield><subfield code="2">rdacontent</subfield></datafield><datafield ind1=" " ind2=" " tag="337"><subfield code="b">v</subfield><subfield code="2">rdamedia</subfield></datafield><datafield ind1=" " ind2=" " tag="338"><subfield code="b">vd</subfield><subfield code="2">rdacarrier</subfield></datafield><datafield ind1=" " ind2=" " tag="500"><subfield code="a">version originale chinoise sous-titrée en français</subfield></datafield><datafield ind1=" " ind2=" " tag="500"><subfield code="a">Diffusé sur SSR, le 17 décembre 1982</subfield></datafield><datafield ind1="0" ind2=" " tag="511"><subfield code="a">Wang Long-ji ; Meng Shu-fan ; Wang Gong-xu ; Feng Ji-xiong ; Guan Hong-da ; Lin Zhen ... et al.</subfield></datafield><datafield ind1="8" ind2=" " tag="520"><subfield code="a">&quot;Pour survivre, San Mao, un orphelin d'une dizaine d'années, ramasse des mégots et vend des journaux. Une famille riche l'adopte mais le jeune garçon étouffe dans ce milieu. Lorsque les soldats communistes arrivent à Shanghai en mai 1949, San Mao voit là un moyen de quitter sa nouvelle famille.Le personnage de San Mao (trois poils) est repris d'un héros de bande dessinée populaire (manhua) chinois créé par Zhang Leping en 1935 : Sanmao. Une déclinaison en dessin animé est aussi réalisée. Le film long métrage est entrepris par des cinéastes issus de l'école de Shanghaï juste avant la proclamation de la République Populaire, il dresse un constat très proche de la réalité de la conditions des enfants livrés à eux-mêmes et exploités, très nombreux à cette époque dans les villes chinoises. Le film est présenté hors-compétition au Festival de Cannes en 1949, mais les nouvelles autorités chinoise ont fait modifier la fin du film, suggérant que le petit vagabond va trouver la fin de ses misères dans l'engagement auprès des groupes d'enfants du parti communiste. La première version du film est désormais impossible à trouver.&quot; cf Wikipédia</subfield><subfield code="5">RERO/geumem/02.2017</subfield></datafield><datafield ind1=" " ind2="7" tag="655"><subfield code="a">DVD</subfield><subfield code="0">(IDREF)035108444</subfield><subfield code="2">idref</subfield></datafield><datafield ind1=" " ind2="7" tag="655"><subfield code="a">Films de fiction</subfield><subfield code="0">(IDREF)14779644X</subfield><subfield code="2">idref</subfield></datafield><datafield ind1="1" ind2=" " tag="700"><subfield code="a">Zhao, Ming</subfield><subfield code="0">(RERO)A005850581</subfield></datafield><datafield ind1="1" ind2=" " tag="700"><subfield code="a">Yan, Gong</subfield><subfield code="0">(RERO)A005850582</subfield></datafield><datafield ind1="1" ind2=" " tag="700"><subfield code="a">Yang, Han sheng</subfield><subfield code="d">1902-1993</subfield><subfield code="0">(IDREF)251572102</subfield></datafield><datafield ind1="1" ind2=" " tag="700"><subfield code="a">Wang, Yunjie</subfield><subfield code="d">1911-1996</subfield><subfield code="0">(IDREF)251457834</subfield></datafield><datafield ind1="1" ind2=" " tag="700"><subfield code="a">Wei, Bu</subfield><subfield code="0">(RERO)A005850585</subfield></datafield></record>
</metadata></record>