<record><header><identifier>oai:alma.41SLSP_UGE:991000095889705502</identifier><datestamp>2023-03-01T01:10:27Z</datestamp><setSpec>uge_bcen_RapidILL_BOOK</setSpec><setSpec>uge_aaca_RapidILL_BOOK</setSpec><setSpec>uge_abels_RapidILL_BOOK</setSpec><setSpec>uge_dbu_RapidILL_BOOK</setSpec><setSpec>uge_cmu_RapidILL_BOOK</setSpec><setSpec>uge_mail_RapidILL_BOOK</setSpec><setSpec>UNIGE_ALL</setSpec><setSpec>uge_abbat_RapidILL_BOOK</setSpec><setSpec>uge_aobs_RapidILL_BOOK</setSpec><setSpec>uge_acar_RapidILL_BOOK</setSpec></header><metadata>
<record xmlns="http://www.loc.gov/MARC21/slim" xmlns:xsi="http://www.w3.org/2001/XMLSchema-instance" xsi:schemaLocation="http://www.loc.gov/MARC21/slim http://www.loc.gov/standards/marcxml/schema/MARC21slim.xsd"><leader>02376nam a2200325 c 4500</leader><controlfield tag="001">991000095889705502</controlfield><controlfield tag="005">20230201193333.0</controlfield><controlfield tag="008">201011s2016    fr ae||f |||| 00| ||fre d</controlfield><datafield ind1=" " ind2=" " tag="020"><subfield code="a">9782357333895</subfield><subfield code="q">couverture souple</subfield></datafield><datafield ind1="7" ind2=" " tag="024"><subfield code="a">http://catalogue.bnf.fr/ark:/12148/cb45187432d</subfield><subfield code="2">uri</subfield></datafield><datafield ind1=" " ind2=" " tag="035"><subfield code="a">(swissbib)216223105-41slsp_network</subfield></datafield><datafield ind1=" " ind2=" " tag="035"><subfield code="a">216223105</subfield><subfield code="9">ExL</subfield></datafield><datafield ind1=" " ind2=" " tag="035"><subfield code="a">(NEBIS)010676174EBI01</subfield></datafield><datafield ind1=" " ind2=" " tag="035"><subfield code="a">(RERO)R008508191-41slsp</subfield></datafield><datafield ind1=" " ind2=" " tag="035"><subfield code="a">(EXLNZ-41SLSP_NETWORK)991102872479705501</subfield></datafield><datafield ind1=" " ind2=" " tag="040"><subfield code="a">SzZuIDS NEBIS EPF-BIB</subfield><subfield code="b">fre</subfield><subfield code="e">rda</subfield><subfield code="d">CH-ZuSLS</subfield></datafield><datafield ind1=" " ind2="7" tag="072"><subfield code="a">at</subfield><subfield code="2">rero</subfield></datafield><datafield ind1="1" ind2=" " tag="100"><subfield code="a">Valode, Denis</subfield><subfield code="d">1946-</subfield><subfield code="0">(DE-588)142108375</subfield><subfield code="e">auteur</subfield><subfield code="4">aut</subfield><subfield code="6">880-01</subfield></datafield><datafield ind1="1" ind2=" " tag="880"><subfield code="a">Valode, Denis</subfield><subfield code="0">(RERO)A003926472</subfield><subfield code="4">cre</subfield><subfield code="6">100-01</subfield></datafield><datafield ind1="1" ind2="0" tag="245"><subfield code="a">Architecture</subfield><subfield code="b">10 voies d'accès</subfield><subfield code="c">Denis Valode ; [coordination éditoriale : Charlotte Guy]</subfield></datafield><datafield ind1=" " ind2="1" tag="264"><subfield code="a">Paris</subfield><subfield code="b">Archibooks + Sautereau Édition</subfield><subfield code="c">2016</subfield></datafield><datafield ind1=" " ind2=" " tag="300"><subfield code="a">243 p.</subfield><subfield code="b">ill. en noir et en coul.</subfield><subfield code="c">21 cm</subfield></datafield><datafield ind1=" " ind2=" " tag="336"><subfield code="b">txt</subfield><subfield code="2">rdacontent</subfield></datafield><datafield ind1=" " ind2=" " tag="337"><subfield code="b">n</subfield><subfield code="2">rdamedia</subfield></datafield><datafield ind1=" " ind2=" " tag="338"><subfield code="b">nc</subfield><subfield code="2">rdacarrier</subfield></datafield><datafield ind1="0" ind2=" " tag="505"><subfield code="a">Préface. - Introduction. - Usage. - Espace. - Mesure. - Forces. - Sensations. - Contexte. - Nature. - Art. - Invention. - Signification. - Épilogue</subfield></datafield><datafield ind1=" " ind2=" " tag="520"><subfield code="a">Chercher et trouver la bonne voie est bien la partie la plus stimulante et déterminante d'une ascension. Entre le public et la production architecturale le fossé est creusé par les déceptions souvent justifiées des habitants, l'incompréhension des usagers, mais aussi par le manque de connaissance et de culture. Avec simplicité et pertinence, Denis Valode permet à tous ceux qui sont confrontés d'une façon ou d'une autre à l'architecture d'en appréhender la complexité par le biais de 10 mots-clés, 10 leçons d'architecture, principes indissociables qui mènent à une connaissance et une compréhension de ses problématiques. Mettre en évidence les prises de position, l'intelligence, l'imagination et la part de rêve qui ont prévalu dans la conception de grandes oeuvres aussi bien de l'histoire de l'architecture, que de la modernité ou de la période contemporaine, c'est le parcours que propose cet ouvrage. [source : site de l'éditeur]</subfield></datafield><datafield ind1=" " ind2="7" tag="650"><subfield code="a">THÉORIE DE L'ARCHITECTURE + ESTHÉTIQUE DE L'ARCHITECTURE</subfield><subfield code="9">fre</subfield><subfield code="0">(ETHUDK)000035455</subfield><subfield code="2">ethudk</subfield></datafield><datafield ind1=" " ind2="7" tag="650"><subfield code="a">Architecture</subfield><subfield code="0">(IDREF)027228983</subfield><subfield code="2">idref</subfield></datafield><datafield ind1=" " ind2="7" tag="655"><subfield code="a">Guides pratiques</subfield><subfield code="0">(IDREF)027790045</subfield><subfield code="2">idref</subfield></datafield><datafield ind1=" " ind2=" " tag="900"><subfield code="a">REROnoselfmerge</subfield></datafield><datafield ind1=" " ind2=" " tag="993"><subfield code="a">BFLA 271630</subfield><subfield code="x">ge/ulha/a/16/0920</subfield><subfield code="9">LOCAL</subfield></datafield></record>
</metadata></record>