<record><header><identifier>oai:alma.41SLSP_UGE:991000096099705502</identifier><datestamp>2024-04-11T00:29:24Z</datestamp><setSpec>uge_bcen_RapidILL_BOOK</setSpec><setSpec>uge_aaca_RapidILL_BOOK</setSpec><setSpec>uge_abels_RapidILL_BOOK</setSpec><setSpec>uge_dbu_RapidILL_BOOK</setSpec><setSpec>uge_cmu_RapidILL_BOOK</setSpec><setSpec>uge_mail_RapidILL_BOOK</setSpec><setSpec>uge_abbat_RapidILL_BOOK</setSpec><setSpec>UNIGE_ALL</setSpec><setSpec>uge_acar_RapidILL_BOOK</setSpec><setSpec>uge_aobs_RapidILL_BOOK</setSpec></header><metadata>
<record xmlns="http://www.loc.gov/MARC21/slim" xmlns:xsi="http://www.w3.org/2001/XMLSchema-instance" xsi:schemaLocation="http://www.loc.gov/MARC21/slim http://www.loc.gov/standards/marcxml/schema/MARC21slim.xsd"><leader>04567nam a2200925 c 4500</leader><controlfield tag="001">991000096099705502</controlfield><controlfield tag="005">20240410140809.0</controlfield><controlfield tag="008">201011s2002    sz ||||| |||| 10| ||ger d</controlfield><datafield ind1=" " ind2=" " tag="019"><subfield code="a">Notices analytiques</subfield><subfield code="5">RERO/neubfd/02.2003</subfield></datafield><datafield ind1=" " ind2=" " tag="020"><subfield code="a">3725544387</subfield><subfield code="c">Fr. 69.-</subfield></datafield><datafield ind1=" " ind2=" " tag="035"><subfield code="a">(swissbib)227294343-41slsp_network</subfield></datafield><datafield ind1=" " ind2=" " tag="035"><subfield code="a">227294343</subfield><subfield code="9">ExL</subfield></datafield><datafield ind1=" " ind2=" " tag="035"><subfield code="a">(RERO)R003231368-41slsp</subfield></datafield><datafield ind1=" " ind2=" " tag="035"><subfield code="a">(NEBIS)004373513EBI01</subfield></datafield><datafield ind1=" " ind2=" " tag="035"><subfield code="a">(IDSLU)000247005ILU01</subfield></datafield><datafield ind1=" " ind2=" " tag="035"><subfield code="a">(IDSBB)002614235DSV01</subfield></datafield><datafield ind1=" " ind2=" " tag="035"><subfield code="a">(IDSSG)000258141HSB01</subfield></datafield><datafield ind1=" " ind2=" " tag="035"><subfield code="a">(EXLNZ-41SLSP_NETWORK)991002481609705501</subfield></datafield><datafield ind1=" " ind2=" " tag="040"><subfield code="a">RERO geubfd</subfield><subfield code="d">CH-ZuSLS</subfield></datafield><datafield ind1=" " ind2=" " tag="044"><subfield code="a">sz</subfield><subfield code="c">ch-zh</subfield><subfield code="a">sz</subfield><subfield code="c">ch-bs</subfield><subfield code="a">sz</subfield><subfield code="c">ch-ge</subfield></datafield><datafield ind1=" " ind2="7" tag="072"><subfield code="a">dr</subfield><subfield code="2">rero</subfield></datafield><datafield ind1=" " ind2="7" tag="072"><subfield code="a">840</subfield><subfield code="2">IDS LU</subfield></datafield><datafield ind1=" " ind2="7" tag="072"><subfield code="a">rw</subfield><subfield code="2">SzZuIDS BS/BE</subfield></datafield><datafield ind1=" " ind2="7" tag="072"><subfield code="a">bw</subfield><subfield code="2">SzZuIDS BS/BE</subfield></datafield><datafield ind1="0" ind2="4" tag="082"><subfield code="a">346.4940926</subfield><subfield code="2">22</subfield></datafield><datafield ind1="1" ind2="4" tag="082"><subfield code="a">340</subfield><subfield code="2">15</subfield></datafield><datafield ind1=" " ind2=" " tag="084"><subfield code="a">CA/CH 82 e</subfield><subfield code="2">cjurrom</subfield></datafield><datafield ind1=" " ind2=" " tag="084"><subfield code="a">CA/CH 12 e</subfield><subfield code="2">cjurrom</subfield></datafield><datafield ind1="0" ind2="0" tag="245"><subfield code="a">Rechtsfragen beim Börsengang von Unternehmen</subfield><subfield code="c">Hrsg. Rolf Watter</subfield></datafield><datafield ind1=" " ind2="1" tag="264"><subfield code="a">Zürich</subfield><subfield code="a">Basel</subfield><subfield code="a">Genf</subfield><subfield code="b">Schulthess</subfield><subfield code="c">2002</subfield></datafield><datafield ind1=" " ind2=" " tag="300"><subfield code="a">XXI, 250 p.</subfield><subfield code="b">tabl.</subfield><subfield code="c">23 cm</subfield></datafield><datafield ind1=" " ind2=" " tag="336"><subfield code="b">txt</subfield><subfield code="2">rdacontent</subfield></datafield><datafield ind1=" " ind2=" " tag="337"><subfield code="b">n</subfield><subfield code="2">rdamedia</subfield></datafield><datafield ind1=" " ind2=" " tag="338"><subfield code="b">nc</subfield><subfield code="2">rdacarrier</subfield></datafield><datafield ind1="1" ind2=" " tag="490"><subfield code="a">EIZ</subfield><subfield code="v">36</subfield></datafield><datafield ind1="1" ind2=" " tag="490"><subfield code="a">Europa Institut Zürich</subfield><subfield code="v">36</subfield></datafield><datafield ind1=" " ind2=" " tag="500"><subfield code="a">Beitr. eines Seminars des Europa Instituts an der Univ. Zürich, 1. März 2001</subfield></datafield><datafield ind1=" " ind2=" " tag="504"><subfield code="a">Bibliogr.</subfield></datafield><datafield ind1=" " ind2="7" tag="650"><subfield code="a">Unternehmung</subfield><subfield code="9">ger</subfield><subfield code="0">(RERO)jurivoc000023877ger</subfield><subfield code="2">jurivoc</subfield></datafield><datafield ind1=" " ind2="7" tag="650"><subfield code="a">Börse</subfield><subfield code="9">ger</subfield><subfield code="0">(RERO)jurivoc000004418ger</subfield><subfield code="2">jurivoc</subfield></datafield><datafield ind1=" " ind2="7" tag="650"><subfield code="a">Kotierung</subfield><subfield code="9">ger</subfield><subfield code="0">(RERO)jurivoc000013516ger</subfield><subfield code="2">jurivoc</subfield></datafield><datafield ind1=" " ind2="7" tag="650"><subfield code="a">Aktiengesellschaft</subfield><subfield code="9">ger</subfield><subfield code="0">(RERO)jurivoc000000693ger</subfield><subfield code="2">jurivoc</subfield></datafield><datafield ind1=" " ind2="7" tag="650"><subfield code="a">cotation (bourse) - admission</subfield><subfield code="0">(RERO)A010182008</subfield><subfield code="2">rerovoc</subfield></datafield><datafield ind1=" " ind2="7" tag="650"><subfield code="a">droit boursier</subfield><subfield code="0">(RERO)A009969933</subfield><subfield code="2">rerovoc</subfield></datafield><datafield ind1=" " ind2="7" tag="650"><subfield code="a">Börsenrecht</subfield><subfield code="2">idszbz</subfield></datafield><datafield ind1=" " ind2="7" tag="650"><subfield code="a">Going Public</subfield><subfield code="2">idszbz</subfield></datafield><datafield ind1=" " ind2="7" tag="650"><subfield code="a">Recht</subfield><subfield code="0">(DE-588)4048737-4</subfield><subfield code="2">gnd</subfield></datafield><datafield ind1=" " ind2="7" tag="650"><subfield code="a">Unternehmen</subfield><subfield code="0">(DE-588)4061963-1</subfield><subfield code="2">gnd</subfield></datafield><datafield ind1=" " ind2="0" tag="650"><subfield code="a">Capital market</subfield><subfield code="x">Law and legislation</subfield><subfield code="z">Switzerland</subfield></datafield><datafield ind1=" " ind2="0" tag="650"><subfield code="a">Corporations</subfield><subfield code="x">Finance</subfield><subfield code="x">Law and legislation</subfield><subfield code="z">Switzerland</subfield></datafield><datafield ind1=" " ind2="0" tag="650"><subfield code="a">Going public (Securities)</subfield><subfield code="z">Switzerland</subfield></datafield><datafield ind1=" " ind2="0" tag="650"><subfield code="a">Stock exchanges</subfield><subfield code="x">Law and legislation</subfield><subfield code="z">Switzerland</subfield></datafield><datafield ind1=" " ind2="7" tag="650"><subfield code="a">Going Public</subfield><subfield code="z">Schweiz</subfield><subfield code="2">idsbb</subfield></datafield><datafield ind1=" " ind2="7" tag="650"><subfield code="a">Börsenrecht</subfield><subfield code="z">Schweiz</subfield><subfield code="2">idsbb</subfield></datafield><datafield ind1=" " ind2="7" tag="650"><subfield code="a">Going Public</subfield><subfield code="0">(DE-588)4219438-6</subfield><subfield code="2">gnd</subfield></datafield><datafield ind1=" " ind2="7" tag="650"><subfield code="a">Börsenrecht</subfield><subfield code="0">(DE-588)4138526-3</subfield><subfield code="2">gnd</subfield></datafield><datafield ind1=" " ind2="7" tag="651"><subfield code="a">Schweiz</subfield><subfield code="9">ger</subfield><subfield code="0">(RERO)jurivoc000019912ger</subfield><subfield code="2">jurivoc</subfield></datafield><datafield ind1=" " ind2="7" tag="651"><subfield code="a">Suisse</subfield><subfield code="0">(IDREF)027249654</subfield><subfield code="2">idref</subfield></datafield><datafield ind1=" " ind2="7" tag="651"><subfield code="a">Schweiz</subfield><subfield code="2">idszbz</subfield></datafield><datafield ind1=" " ind2="7" tag="651"><subfield code="a">Schweiz</subfield><subfield code="0">(DE-588)4053881-3</subfield><subfield code="2">gnd</subfield></datafield><datafield ind1=" " ind2="7" tag="655"><subfield code="a">Actes de congrès</subfield><subfield code="0">(IDREF)02886431X</subfield><subfield code="2">idref</subfield></datafield><datafield ind1=" " ind2="7" tag="655"><subfield code="a">Aufsatzsammlung</subfield><subfield code="2">gnd-content</subfield></datafield><datafield ind1=" " ind2="7" tag="655"><subfield code="a">Konferenzschrift</subfield><subfield code="z">Zürich</subfield><subfield code="y">2001</subfield><subfield code="2">gnd-content</subfield></datafield><datafield ind1=" " ind2=" " tag="690"><subfield code="a">Rechtsanwalt; Sachverständige; Hochschullehrer; Wertpapieremission; Wirtschaftsrecht; Cooper; Angebot; Bär; Steuer; Verzeichnis; Barbara; Daniel; Euro; Felix; Agreement; Et</subfield><subfield code="2">idssg-J</subfield></datafield><datafield ind1=" " ind2=" " tag="690"><subfield code="a">Steuerexperte; Titularprofessor; Aktienangebot; Literaturverzeichnis; Bankensicht; Grundzug; Inhaltsübersicht; Rechtsproblem; Steueraspekt</subfield><subfield code="2">idssg-J</subfield></datafield><datafield ind1=" " ind2=" " tag="690"><subfield code="a">homburger Rechtsanwalt; rechtliche Grundlage; schweizerische Gesellschaft</subfield><subfield code="2">idssg-J</subfield></datafield><datafield ind1=" " ind2=" " tag="690"><subfield code="a">Schweiz C4EXSI; Deutschland C4EUGE</subfield><subfield code="2">idssg-J</subfield></datafield><datafield ind1=" " ind2=" " tag="690"><subfield code="a">Barbara Brauchli; Cooper; Dr.iur. Christoph Heiz; Dr.iur. Christoph Schmid; Dr.iur. Daniel Daeniker; Dr.iur. Markus R. Neuhaus; Due Diligence; Felix M.; Huber; Inhaltsübersicht Literaturverzeichnis Rechtsprobleme; Leiter Corporate Finance Capital Markets; M. B.; Markus R. Neuhaus; Meyer Lustenberger; Peter Hodel; Prof. Dr.iur.; Rolf WATTER; Rohrer; Rolf Watter; Thomas Reutter; Thouvenin Stutzer Eggimann Partner; Underwriting Agreement; Unternehmen Schulthess; Wenger Vieli Belser</subfield><subfield code="2">idssg-J</subfield></datafield><datafield ind1=" " ind2=" " tag="691"><subfield code="e">PC 82 CH</subfield><subfield code="2">rzs-L1</subfield></datafield><datafield ind1="1" ind2=" " tag="700"><subfield code="a">Watter, Rolf</subfield><subfield code="d">1958-</subfield><subfield code="0">(DE-588)111036593</subfield><subfield code="6">880-02</subfield></datafield><datafield ind1="1" ind2=" " tag="880"><subfield code="6">700-02</subfield><subfield code="a">Watter, Rolf</subfield><subfield code="0">(IDREF)175357935</subfield></datafield><datafield ind1="2" ind2=" " tag="710"><subfield code="a">Universität Zürich</subfield><subfield code="b">Europa Institut</subfield><subfield code="b">Seminar</subfield><subfield code="d">2001</subfield><subfield code="c">Zürich</subfield><subfield code="0">(RERO)A012323466</subfield></datafield><datafield ind1="4" ind2=" " tag="856"><subfield code="u">https://tools.unisg.ch/url/hm00058285</subfield><subfield code="z">Inhaltsverzeichnis</subfield></datafield><datafield ind1=" " ind2="0" tag="830"><subfield code="a">Publikationen des Europa Instituts Zürich</subfield><subfield code="v">36</subfield><subfield code="w">(RERO)1948165-41slsp</subfield></datafield><datafield ind1=" " ind2="0" tag="830"><subfield code="a">Europa Institut Zürich</subfield><subfield code="v">36</subfield><subfield code="w">(NEBIS)001456025EBI01</subfield></datafield><datafield ind1=" " ind2=" " tag="900"><subfield code="a">IDSE5E51ANH-2003</subfield></datafield><datafield ind1=" " ind2=" " tag="900"><subfield code="a">IDSZ2ivrmon200209l</subfield><subfield code="c">IDSZ2maye 020905</subfield></datafield><datafield ind1=" " ind2=" " tag="900"><subfield code="a">IDSZ1ZH</subfield></datafield><datafield ind1=" " ind2=" " tag="900"><subfield code="a">IDSZ2zbzmon200208e</subfield><subfield code="c">IDSZ2haff</subfield><subfield code="d">IDSZ2zbzswk200210b</subfield><subfield code="e">IDSZ2bruu</subfield></datafield><datafield ind1=" " ind2=" " tag="900"><subfield code="a">IDSZ2rwimon200208l</subfield><subfield code="c">IDSZ2buche</subfield><subfield code="d">IDSZ2rwiswk200211u</subfield></datafield><datafield ind1=" " ind2=" " tag="949"><subfield code="a">https://tools.unisg.ch/url/hm00058285</subfield></datafield></record>
</metadata></record>