<record><header><identifier>oai:alma.41SLSP_UGE:991000096209705502</identifier><datestamp>2023-03-01T01:10:27Z</datestamp><setSpec>uge_bcen_RapidILL_BOOK</setSpec><setSpec>uge_aaca_RapidILL_BOOK</setSpec><setSpec>uge_abels_RapidILL_BOOK</setSpec><setSpec>uge_dbu_RapidILL_BOOK</setSpec><setSpec>uge_cmu_RapidILL_BOOK</setSpec><setSpec>uge_mail_RapidILL_BOOK</setSpec><setSpec>UNIGE_ALL</setSpec><setSpec>uge_abbat_RapidILL_BOOK</setSpec><setSpec>uge_aobs_RapidILL_BOOK</setSpec><setSpec>uge_acar_RapidILL_BOOK</setSpec></header><metadata>
<record xmlns="http://www.loc.gov/MARC21/slim" xmlns:xsi="http://www.w3.org/2001/XMLSchema-instance" xsi:schemaLocation="http://www.loc.gov/MARC21/slim http://www.loc.gov/standards/marcxml/schema/MARC21slim.xsd"><leader>00984nam a2200313 c 4500</leader><controlfield tag="001">991000096209705502</controlfield><controlfield tag="005">20201230230851.0</controlfield><controlfield tag="008">201011t19821982xxu||||| |||| 00| ||eng d</controlfield><datafield ind1=" " ind2=" " tag="020"><subfield code="a">0664244289</subfield></datafield><datafield ind1=" " ind2=" " tag="035"><subfield code="a">(swissbib)224490826-41slsp_network</subfield></datafield><datafield ind1=" " ind2=" " tag="035"><subfield code="a">224490826</subfield><subfield code="9">ExL</subfield></datafield><datafield ind1=" " ind2=" " tag="035"><subfield code="a">(RERO)0824049-41slsp</subfield></datafield><datafield ind1=" " ind2=" " tag="035"><subfield code="a">(NEBIS)002861207EBI01</subfield></datafield><datafield ind1=" " ind2=" " tag="035"><subfield code="a">(OCoLC)263941673</subfield></datafield><datafield ind1=" " ind2=" " tag="035"><subfield code="a">(EXLNZ-41SLSP_NETWORK)991096650019705501</subfield></datafield><datafield ind1=" " ind2=" " tag="040"><subfield code="a">RERO geuth-</subfield><subfield code="d">CH-ZuSLS</subfield></datafield><datafield ind1=" " ind2="7" tag="072"><subfield code="a">th</subfield><subfield code="2">rero</subfield></datafield><datafield ind1="0" ind2="0" tag="245"><subfield code="a">&lt;&lt;The&gt;&gt; other gospels</subfield><subfield code="b">non-canonical gospel texts</subfield><subfield code="c">ed. by Ron Cameron</subfield></datafield><datafield ind1=" " ind2="1" tag="264"><subfield code="a">Philadelphia</subfield><subfield code="b">Westminster Press</subfield><subfield code="c">cop 1982</subfield></datafield><datafield ind1=" " ind2="4" tag="264"><subfield code="c">©1982</subfield></datafield><datafield ind1=" " ind2=" " tag="300"><subfield code="a">191 p.</subfield><subfield code="c">24 cm</subfield></datafield><datafield ind1=" " ind2=" " tag="336"><subfield code="b">txt</subfield><subfield code="2">rdacontent</subfield></datafield><datafield ind1=" " ind2=" " tag="337"><subfield code="b">n</subfield><subfield code="2">rdamedia</subfield></datafield><datafield ind1=" " ind2=" " tag="338"><subfield code="b">nc</subfield><subfield code="2">rdacarrier</subfield></datafield><datafield ind1=" " ind2=" " tag="690"><subfield code="a">Aphorismus / Ausgaben / Einzelne Autoren und Texte</subfield><subfield code="2">uzb-Z9</subfield></datafield><datafield ind1="1" ind2=" " tag="700"><subfield code="a">Cameron, Ron</subfield></datafield><datafield ind1="1" ind2=" " tag="700"><subfield code="a">Cameron, Ron</subfield><subfield code="0">(IDREF)091544211</subfield></datafield><datafield ind1="0" ind2=" " tag="730"><subfield code="a">Bible</subfield><subfield code="n">240</subfield><subfield code="p">N.T</subfield><subfield code="p">Apocryphes</subfield><subfield code="p">Evangile</subfield><subfield code="l">Anglais</subfield></datafield><datafield ind1=" " ind2=" " tag="900"><subfield code="a">REROnoselfmerge</subfield></datafield><datafield ind1=" " ind2=" " tag="900"><subfield code="a">IDSZRMedeaZBZ</subfield></datafield></record>
</metadata></record>