<record><header><identifier>oai:alma.41SLSP_UGE:991000095589705502</identifier><datestamp>2024-05-15T00:09:35Z</datestamp><setSpec>uge_bcen_RapidILL_BOOK</setSpec><setSpec>uge_aaca_RapidILL_BOOK</setSpec><setSpec>uge_abels_RapidILL_BOOK</setSpec><setSpec>uge_dbu_RapidILL_BOOK</setSpec><setSpec>uge_cmu_RapidILL_BOOK</setSpec><setSpec>uge_mail_RapidILL_BOOK</setSpec><setSpec>uge_abbat_RapidILL_BOOK</setSpec><setSpec>UNIGE_ALL</setSpec><setSpec>uge_acar_RapidILL_BOOK</setSpec><setSpec>uge_aobs_RapidILL_BOOK</setSpec></header><metadata>
<record xmlns="http://www.loc.gov/MARC21/slim" xmlns:xsi="http://www.w3.org/2001/XMLSchema-instance" xsi:schemaLocation="http://www.loc.gov/MARC21/slim http://www.loc.gov/standards/marcxml/schema/MARC21slim.xsd"><leader>02632nam a2200661 c 4500</leader><controlfield tag="001">991000095589705502</controlfield><controlfield tag="005">20240308214721.0</controlfield><controlfield tag="008">201011s2002    sz     |      00| ||ger|d</controlfield><datafield ind1=" " ind2=" " tag="015"><subfield code="a">GFR-DNB-02,A19,0935</subfield></datafield><datafield ind1="7" ind2=" " tag="016"><subfield code="a">964125900</subfield><subfield code="2">GyFmDB</subfield></datafield><datafield ind1=" " ind2=" " tag="020"><subfield code="a">3286307009</subfield><subfield code="q">kart.</subfield><subfield code="c">CHF 22.00</subfield></datafield><datafield ind1=" " ind2=" " tag="035"><subfield code="a">(swissbib)229140629-41slsp_network</subfield></datafield><datafield ind1=" " ind2=" " tag="035"><subfield code="a">229140629</subfield><subfield code="9">ExL</subfield></datafield><datafield ind1=" " ind2=" " tag="035"><subfield code="a">(NEBIS)004283899EBI01</subfield></datafield><datafield ind1=" " ind2=" " tag="035"><subfield code="a">(RERO)R003195244-41slsp</subfield></datafield><datafield ind1=" " ind2=" " tag="035"><subfield code="a">(IDSLU)000240144ILU01</subfield></datafield><datafield ind1=" " ind2=" " tag="035"><subfield code="a">(ABN)000250187ABN01</subfield></datafield><datafield ind1=" " ind2=" " tag="035"><subfield code="a">(EXLNZ-41SLSP_NETWORK)991047513469705501</subfield></datafield><datafield ind1=" " ind2=" " tag="040"><subfield code="a">SzZuIDS NEBIS ZBZ</subfield><subfield code="d">CH-ZuSLS</subfield></datafield><datafield ind1=" " ind2=" " tag="044"><subfield code="a">sz</subfield><subfield code="c">ch-zh</subfield></datafield><datafield ind1=" " ind2="7" tag="072"><subfield code="a">dr</subfield><subfield code="2">rero</subfield></datafield><datafield ind1=" " ind2="7" tag="072"><subfield code="a">171</subfield><subfield code="2">IDS LU</subfield></datafield><datafield ind1=" " ind2="7" tag="072"><subfield code="a">800</subfield><subfield code="2">IDS LU</subfield></datafield><datafield ind1="0" ind2="4" tag="082"><subfield code="a">650.076</subfield><subfield code="2">22</subfield></datafield><datafield ind1="0" ind2="4" tag="082"><subfield code="a">340.076</subfield><subfield code="2">22</subfield></datafield><datafield ind1=" " ind2=" " tag="084"><subfield code="a">CA/CH 16 h</subfield><subfield code="2">cjurrom</subfield></datafield><datafield ind1="1" ind2=" " tag="100"><subfield code="6">880-01</subfield><subfield code="a">Leimgruber, Jürg</subfield><subfield code="d">19..-....</subfield><subfield code="0">(IDREF)185258689</subfield><subfield code="4">cre</subfield></datafield><datafield ind1="1" ind2=" " tag="880"><subfield code="a">Leimgruber, Jürg</subfield><subfield code="0">(DE-588)1071740369</subfield><subfield code="6">100-01</subfield></datafield><datafield ind1="1" ind2="0" tag="245"><subfield code="a">600 Antworten zur Betriebs- und Rechtskunde</subfield><subfield code="b">Antworten zu den Repetitionsfragen zur Vorbereitung auf die kaufmännische Lehrabschlussprüfung</subfield><subfield code="c">Jürg Leimgruber, Urs Prochinig</subfield></datafield><datafield ind1="1" ind2=" " tag="246"><subfield code="i">Ergänzungsband zu</subfield><subfield code="a">600 Fragen zur Betriebs- und Rechtskunde</subfield></datafield><datafield ind1="1" ind2="3" tag="246"><subfield code="a">Sechshundert Antworten zur Betriebs- und Rechtskunde</subfield></datafield><datafield ind1=" " ind2=" " tag="250"><subfield code="a">[10. Aufl.]</subfield></datafield><datafield ind1=" " ind2="1" tag="264"><subfield code="a">Zürich</subfield><subfield code="b">Verlag SKV</subfield><subfield code="c">2002</subfield></datafield><datafield ind1=" " ind2=" " tag="300"><subfield code="a">97 p.</subfield><subfield code="b">ill.</subfield><subfield code="c">30 cm</subfield></datafield><datafield ind1=" " ind2=" " tag="336"><subfield code="b">txt</subfield><subfield code="2">rdacontent</subfield></datafield><datafield ind1=" " ind2=" " tag="337"><subfield code="b">n</subfield><subfield code="2">rdamedia</subfield></datafield><datafield ind1=" " ind2=" " tag="338"><subfield code="b">nc</subfield><subfield code="2">rdacarrier</subfield></datafield><datafield ind1=" " ind2="7" tag="650"><subfield code="a">Kaufmännische Berufsbildung</subfield><subfield code="2">idszbz</subfield></datafield><datafield ind1=" " ind2="7" tag="650"><subfield code="a">Rechtskundeunterricht</subfield><subfield code="2">idszbz</subfield></datafield><datafield ind1=" " ind2="7" tag="650"><subfield code="a">Handelsrecht</subfield><subfield code="2">idszbz</subfield></datafield><datafield ind1=" " ind2="7" tag="650"><subfield code="a">Abschlussprüfung</subfield><subfield code="0">(DE-588)4124516-7</subfield><subfield code="2">gnd</subfield></datafield><datafield ind1=" " ind2="7" tag="650"><subfield code="a">Kaufmännischer Beruf</subfield><subfield code="0">(DE-588)4030067-5</subfield><subfield code="2">gnd</subfield></datafield><datafield ind1=" " ind2="7" tag="650"><subfield code="a">Rechtskundeunterricht</subfield><subfield code="0">(DE-588)4124034-0</subfield><subfield code="2">gnd</subfield></datafield><datafield ind1=" " ind2="7" tag="650"><subfield code="a">Droit</subfield><subfield code="0">(IDREF)027466868</subfield><subfield code="2">idref</subfield></datafield><datafield ind1=" " ind2="7" tag="650"><subfield code="a">Betriebswirtschaftslehre</subfield><subfield code="0">(DE-588)4069402-1</subfield><subfield code="2">gnd</subfield></datafield><datafield ind1=" " ind2="7" tag="650"><subfield code="a">Rechtslehre</subfield><subfield code="0">(DE-588)4177234-9</subfield><subfield code="2">gnd</subfield></datafield><datafield ind1=" " ind2="7" tag="651"><subfield code="a">Schweiz</subfield><subfield code="2">idszbz</subfield></datafield><datafield ind1=" " ind2="7" tag="651"><subfield code="a">Suisse</subfield><subfield code="0">(IDREF)027249654</subfield><subfield code="2">idref</subfield></datafield><datafield ind1=" " ind2="7" tag="651"><subfield code="a">Schweiz</subfield><subfield code="0">(DE-588)4053881-3</subfield><subfield code="2">gnd</subfield></datafield><datafield ind1=" " ind2="7" tag="655"><subfield code="a">Lehrmittel</subfield><subfield code="2">idszbz</subfield></datafield><datafield ind1=" " ind2="7" tag="655"><subfield code="a">Études de cas</subfield><subfield code="0">(IDREF)027588505</subfield><subfield code="2">idref</subfield></datafield><datafield ind1=" " ind2="7" tag="655"><subfield code="a">Aufgabensammlung</subfield><subfield code="2">gnd-content</subfield></datafield><datafield ind1="1" ind2="2" tag="700"><subfield code="a">Leimgruber, Jürg</subfield><subfield code="t">600 Fragen zur Betriebs- und Rechtskunde</subfield><subfield code="k">Supplement</subfield></datafield><datafield ind1="1" ind2="2" tag="700"><subfield code="a">Prochinig, Urs</subfield><subfield code="d">1951-</subfield><subfield code="t">600 Fragen zur Betriebs- und Rechtskunde</subfield><subfield code="k">Supplement</subfield></datafield><datafield ind1="1" ind2=" " tag="700"><subfield code="a">Prochinig, Urs</subfield><subfield code="d">1951-</subfield><subfield code="0">(DE-588)113588259</subfield><subfield code="6">880-02</subfield></datafield><datafield ind1="1" ind2=" " tag="880"><subfield code="6">700-02</subfield><subfield code="a">Prochinig, Urs</subfield><subfield code="d">1951-....</subfield><subfield code="0">(IDREF)185258824</subfield></datafield><datafield ind1=" " ind2=" " tag="900"><subfield code="a">IDSZ1ZH</subfield></datafield><datafield ind1=" " ind2=" " tag="900"><subfield code="a">IDSZ2zbzmon200203e</subfield><subfield code="c">IDSZ2kalh</subfield><subfield code="d">IDSZ2zbzswk200203b</subfield><subfield code="e">IDSZ2stet</subfield></datafield><datafield ind1=" " ind2=" " tag="900"><subfield code="a">REROnoselfmerge</subfield></datafield></record>
</metadata></record><resumptionToken>1900-01-01@all@UNIGE_ALL@marc21@5986589810005502</resumptionToken></ListRecords></OAI-PMH>